<?xml version="1.0" encoding="UTF-8"?>
<!DOCTYPE html PUBLIC "-//W3C//DTD XHTML 1.0 Transitional//EN"
    "http://www.w3.org/TR/xhtml1/DTD/xhtml1-transitional.dtd">
<html xmlns="http://www.w3.org/1999/xhtml" xml:lang="en" lang="en">
 <head>
  <title>
</title>
<meta http-equiv="Content-Type" content="text/html;charset=utf-8" />
  <meta name='ocr-system' content='tesseract 3.04.00' />
  <meta name='ocr-capabilities' content='ocr_page ocr_carea ocr_par ocr_line ocrx_word'/>
</head>
<body>
  <div class='ocr_page' id='page_1' title='image "./quaestionesgram00kortgoog_0024.png"; bbox 0 0 3046 4476; ppageno 0'>
   <div class='ocr_carea' id='block_1_1' title="bbox 668 226 709 288">
    <p class='ocr_par' dir='ltr' id='par_1_1' title="bbox 668 226 709 288">
     <span class='ocr_line' id='line_1_1' title="bbox 668 226 709 288; baseline 0 0"><span class='ocrx_word' id='word_1_1' title='bbox 668 226 709 288; x_wconf 91' lang='grc'><strong>19</strong></span> 
     </span>
    </p>
   </div>
   <div class='ocr_carea' id='block_1_2' title="bbox 582 315 792 326">
    <p class='ocr_par' dir='ltr' id='par_1_2' title="bbox 582 315 792 326">
     <span class='ocr_line' id='line_1_2' title="bbox 582 315 792 326; baseline 0.005 -3"><span class='ocrx_word' id='word_1_2' title='bbox 582 315 792 326; x_wconf 56' lang='grc' dir='ltr'>Ἥ</span> 
     </span>
    </p>
   </div>
   <div class='ocr_carea' id='block_1_3' title="bbox 439 453 940 554">
    <p class='ocr_par' dir='ltr' id='par_1_3' title="bbox 439 453 940 554">
     <span class='ocr_line' id='line_1_3' title="bbox 439 453 940 554; baseline 0.002 -19"><span class='ocrx_word' id='word_1_3' title='bbox 439 453 504 535; x_wconf 90' lang='lat'><strong>111.</strong></span> <span class='ocrx_word' id='word_1_4' title='bbox 538 454 595 536; x_wconf 85' lang='lat' dir='ltr'><strong>De</strong></span> <span class='ocrx_word' id='word_1_5' title='bbox 621 455 940 554; x_wconf 82' lang='lat' dir='ltr'><strong>pronominibus.</strong></span> 
     </span>
    </p>
   </div>
   <div class='ocr_carea' id='block_1_4' title="bbox 139 625 1322 3794">
    <p class='ocr_par' dir='ltr' id='par_1_4' title="bbox 139 625 1322 3049">
     <span class='ocr_line' id='line_1_4' title="bbox 227 625 1237 715; baseline 0 -21"><span class='ocrx_word' id='word_1_6' title='bbox 227 625 256 694; x_wconf 95' lang='grc'><strong>1.</strong></span> <span class='ocrx_word' id='word_1_7' title='bbox 278 630 453 695; x_wconf 88' lang='lat' dir='ltr'><strong>Pronomen</strong></span> <span class='ocrx_word' id='word_1_8' title='bbox 475 632 687 715; x_wconf 83' lang='lat' dir='ltr'>possessivum</span> <span class='ocrx_word' id='word_1_9' title='bbox 709 653 788 697; x_wconf 79' lang='lat' dir='ltr'><strong>succe</strong></span> <span class='ocrx_word' id='word_1_10' title='bbox 803 631 1004 696; x_wconf 84' lang='lat' dir='ltr'><strong>Woelfflinus</strong></span> <span class='ocrx_word' id='word_1_11' title='bbox 1025 650 1075 714; x_wconf 84' lang='lat' dir='ltr'><strong>pg.</strong></span> <span class='ocrx_word' id='word_1_12' title='bbox 1100 629 1141 693; x_wconf 85' lang='grc'><strong>90</strong></span> <span class='ocrx_word' id='word_1_13' title='bbox 1163 647 1237 694; x_wconf 89' lang='lat' dir='ltr'><strong>curn</strong></span> 
     </span>
     <span class='ocr_line' id='line_1_5' title="bbox 141 719 1322 824; baseline 0.004 -29"><span class='ocrx_word' id='word_1_14' title='bbox 141 734 299 800; x_wconf 85' lang='lat' dir='ltr'><strong>vocabulis</strong></span> <span class='ocrx_word' id='word_1_15' title='bbox 321 719 535 820; x_wconf 78' lang='lat' dir='ltr'><strong>cognationem</strong></span> <span class='ocrx_word' id='word_1_16' title='bbox 553 736 801 820; x_wconf 82' lang='lat' dir='ltr'><strong>significantibus</strong></span> <span class='ocrx_word' id='word_1_17' title='bbox 824 737 924 818; x_wconf 79' lang='lat' dir='ltr'><strong>(velut</strong></span> <span class='ocrx_word' id='word_1_18' title='bbox 936 735 1057 820; x_wconf 79' lang='lat' dir='ltr'><strong>frater,</strong></span> <span class='ocrx_word' id='word_1_19' title='bbox 1073 734 1182 819; x_wconf 71' lang='lat' dir='ltr'><strong>filius)</strong></span> <span class='ocrx_word' id='word_1_20' title='bbox 1203 737 1237 800; x_wconf 89' lang='lat' dir='ltr'><strong>in</strong></span> <span class='ocrx_word' id='word_1_21' title='bbox 1319 819 1322 824; x_wconf 15' lang='grc' dir='ltr'><strong>Δ</strong></span> 
     </span>
     <span class='ocr_line' id='line_1_6' title="bbox 140 839 1238 926; baseline 0.003 -24"><span class='ocrx_word' id='word_1_22' title='bbox 140 839 219 904; x_wconf 91' lang='lat' dir='ltr'><strong>libro</strong></span> <span class='ocrx_word' id='word_1_23' title='bbox 241 847 324 906; x_wconf 86' lang='lat' dir='ltr'><strong>strat.</strong></span> <span class='ocrx_word' id='word_1_24' title='bbox 348 847 458 926; x_wconf 88' lang='lat' dir='ltr'><strong>quarto</strong></span> <span class='ocrx_word' id='word_1_25' title='bbox 480 842 681 907; x_wconf 88' lang='lat' dir='ltr'><strong>coniunctum</strong></span> <span class='ocrx_word' id='word_1_26' title='bbox 709 861 776 908; x_wconf 89' lang='lat' dir='ltr'><strong>esse</strong></span> <span class='ocrx_word' id='word_1_27' title='bbox 798 844 890 908; x_wconf 85' lang='lat' dir='ltr'><strong>etium</strong></span> <span class='ocrx_word' id='word_1_28' title='bbox 912 845 951 907; x_wconf 87' lang='lat' dir='ltr'><strong>iis</strong></span> <span class='ocrx_word' id='word_1_29' title='bbox 973 843 1049 907; x_wconf 89' lang='lat' dir='ltr'><strong>locis</strong></span> <span class='ocrx_word' id='word_1_30' title='bbox 1072 841 1238 924; x_wconf 64' lang='lat' dir='ltr'><strong>contendit,</strong></span> 
     </span>
     <span class='ocr_line' id='line_1_7' title="bbox 142 946 1239 1029; baseline 0.002 -19"><span class='ocrx_word' id='word_1_31' title='bbox 142 946 255 1029; x_wconf 90' lang='lat' dir='ltr'><strong>quibus</strong></span> <span class='ocrx_word' id='word_1_32' title='bbox 298 967 363 1012; x_wconf 91' lang='lat' dir='ltr'><strong>non</strong></span> <span class='ocrx_word' id='word_1_33' title='bbox 407 949 523 1012; x_wconf 84' lang='lat' dir='ltr'><strong>maiore</strong></span> <span class='ocrx_word' id='word_1_34' title='bbox 567 950 738 1014; x_wconf 83' lang='lat' dir='ltr'><strong>sententiae</strong></span> <span class='ocrx_word' id='word_1_35' title='bbox 782 950 816 1012; x_wconf 92' lang='lat' dir='ltr'><strong>vi</strong></span> <span class='ocrx_word' id='word_1_36' title='bbox 859 949 1012 1014; x_wconf 84' lang='lat' dir='ltr'><strong>efferetur.</strong></span> <span class='ocrx_word' id='word_1_37' title='bbox 1071 947 1132 1014; x_wconf 82' lang='lat' dir='ltr'><strong>Sed</strong></span> <span class='ocrx_word' id='word_1_38' title='bbox 1175 949 1239 1012; x_wconf 85' lang='lat' dir='ltr'><strong>iam</strong></span> 
     </span>
     <span class='ocr_line' id='line_1_8' title="bbox 141 1051 1240 1140; baseline 0.001 -24"><span class='ocrx_word' id='word_1_39' title='bbox 141 1051 280 1118; x_wconf 80' lang='lat' dir='ltr'><strong>Fritzeus</strong></span> <span class='ocrx_word' id='word_1_40' title='bbox 310 1074 360 1138; x_wconf 85' lang='lat' dir='ltr'><strong>pg.</strong></span> <span class='ocrx_word' id='word_1_41' title='bbox 388 1054 429 1118; x_wconf 89' lang='grc'><strong>30</strong></span> <span class='ocrx_word' id='word_1_42' title='bbox 461 1054 512 1137; x_wconf 86' lang='lat' dir='ltr'><strong>his</strong></span> <span class='ocrx_word' id='word_1_43' title='bbox 540 1054 617 1118; x_wconf 90' lang='lat' dir='ltr'><strong>locis</strong></span> <span class='ocrx_word' id='word_1_44' title='bbox 647 1074 816 1140; x_wconf 83' lang='lat' dir='ltr'><strong>pronomen</strong></span> <span class='ocrx_word' id='word_1_45' title='bbox 843 1075 922 1121; x_wconf 79' lang='lat' dir='ltr'><strong>suros</strong></span> <span class='ocrx_word' id='word_1_46' title='bbox 950 1073 1012 1119; x_wconf 90' lang='lat' dir='ltr'><strong>non</strong></span> <span class='ocrx_word' id='word_1_47' title='bbox 1046 1056 1114 1120; x_wconf 88' lang='lat' dir='ltr'><strong>sine</strong></span> <span class='ocrx_word' id='word_1_48' title='bbox 1145 1071 1240 1118; x_wconf 88' lang='lat' dir='ltr'><strong>causa</strong></span> 
     </span>
     <span class='ocr_line' id='line_1_9' title="bbox 141 1159 1239 1244; baseline 0.003 -23"><span class='ocrx_word' id='word_1_49' title='bbox 141 1159 316 1242; x_wconf 83' lang='lat' dir='ltr'><strong>appositum</strong></span> <span class='ocrx_word' id='word_1_50' title='bbox 332 1178 399 1225; x_wconf 85' lang='lat' dir='ltr'><strong>esse</strong></span> <span class='ocrx_word' id='word_1_51' title='bbox 418 1159 649 1225; x_wconf 82' lang='lat' dir='ltr'><strong>demonstravit.</strong></span> <span class='ocrx_word' id='word_1_52' title='bbox 686 1162 800 1244; x_wconf 87' lang='lat' dir='ltr'><strong>Atque·</strong></span> <span class='ocrx_word' id='word_1_53' title='bbox 812 1179 853 1225; x_wconf 85' lang='lat' dir='ltr'><strong>ex</strong></span> <span class='ocrx_word' id='word_1_54' title='bbox 874 1160 951 1224; x_wconf 87' lang='lat' dir='ltr'><strong>locis</strong></span> <span class='ocrx_word' id='word_1_55' title='bbox 973 1159 1013 1225; x_wconf 85' lang='lat' dir='ltr'><strong>ab</strong></span> <span class='ocrx_word' id='word_1_56' title='bbox 1031 1159 1239 1226; x_wconf 79' lang='lat' dir='ltr'><strong>Esternauxio</strong></span> 
     </span>
     <span class='ocr_line' id='line_1_10' title="bbox 140 1265 1240 1373; baseline 0.001 -45"><span class='ocrx_word' id='word_1_57' title='bbox 140 1284 190 1348; x_wconf 84' lang='lat' dir='ltr'><strong>pg.</strong></span> <span class='ocrx_word' id='word_1_58' title='bbox 215 1265 255 1329; x_wconf 94' lang='grc'><strong>11</strong></span> <span class='ocrx_word' id='word_1_59' title='bbox 278 1266 390 1352; x_wconf 57' lang='lat' dir='ltr'><strong>allatis,</strong></span> <span class='ocrx_word' id='word_1_60' title='bbox 417 1267 533 1351; x_wconf 91' lang='lat' dir='ltr'><strong>quibus</strong></span> <span class='ocrx_word' id='word_1_61' title='bbox 558 1267 613 1330; x_wconf 86' lang='lat' dir='ltr'><strong>illa</strong></span> <span class='ocrx_word' id='word_1_62' title='bbox 639 1269 855 1351; x_wconf 82' lang='lat' dir='ltr'><strong>cognationem</strong></span> <span class='ocrx_word' id='word_1_63' title='bbox 882 1265 1091 1373; x_wconf 64' lang='lat' dir='ltr'><strong>significantpa</strong></span> <span class='ocrx_word' id='word_1_64' title='bbox 1113 1267 1240 1329; x_wconf 87' lang='lat' dir='ltr'><strong>nomina</strong></span> 
     </span>
     <span class='ocr_line' id='line_1_11' title="bbox 140 1370 1241 1458; baseline 0.005 -27"><span class='ocrx_word' id='word_1_65' title='bbox 140 1370 332 1454; x_wconf 81' lang='lat' dir='ltr'><strong>invenimus,</strong></span> <span class='ocrx_word' id='word_1_66' title='bbox 351 1373 443 1457; x_wconf 84' lang='lat' dir='ltr'><strong>plene</strong></span> <span class='ocrx_word' id='word_1_67' title='bbox 458 1372 598 1454; x_wconf 86' lang='lat' dir='ltr'><strong>efficitur,</strong></span> <span class='ocrx_word' id='word_1_68' title='bbox 617 1379 653 1437; x_wconf 89' lang='lat' dir='ltr'><strong>ut</strong></span> <span class='ocrx_word' id='word_1_69' title='bbox 666 1373 741 1438; x_wconf 85' lang='lat' dir='ltr'><strong>libri</strong></span> <span class='ocrx_word' id='word_1_70' title='bbox 755 1378 817 1438; x_wconf 82' lang='lat' dir='ltr'><strong>tres</strong></span> <span class='ocrx_word' id='word_1_71' title='bbox 832 1374 951 1458; x_wconf 85' lang='lat' dir='ltr'><strong>priores</strong></span> <span class='ocrx_word' id='word_1_72' title='bbox 969 1379 1001 1437; x_wconf 91' lang='lat' dir='ltr'><strong>et</strong></span> <span class='ocrx_word' id='word_1_73' title='bbox 1018 1373 1097 1453; x_wconf 86' lang='lat' dir='ltr'><strong>liber</strong></span> <span class='ocrx_word' id='word_1_74' title='bbox 1112 1377 1241 1457; x_wconf 84' lang='lat' dir='ltr'><strong>quartos</strong></span> 
     </span>
     <span class='ocr_line' id='line_1_12' title="bbox 140 1477 1240 1563; baseline 0.003 -24"><span class='ocrx_word' id='word_1_75' title='bbox 140 1477 174 1539; x_wconf 89' lang='lat' dir='ltr'><strong>in</strong></span> <span class='ocrx_word' id='word_1_76' title='bbox 195 1477 255 1541; x_wconf 92' lang='lat' dir='ltr'><strong>hoc</strong></span> <span class='ocrx_word' id='word_1_77' title='bbox 275 1497 337 1542; x_wconf 91' lang='lat' dir='ltr'><strong>usu</strong></span> <span class='ocrx_word' id='word_1_78' title='bbox 359 1480 550 1563; x_wconf 87' lang='lat' dir='ltr'><strong>pronominis</strong></span> <span class='ocrx_word' id='word_1_79' title='bbox 571 1480 739 1563; x_wconf 81' lang='lat' dir='ltr'><strong>possessivi</strong></span> <span class='ocrx_word' id='word_1_80' title='bbox 761 1501 841 1546; x_wconf 79' lang='lat' dir='ltr'><strong>suus</strong></span> <span class='ocrx_word' id='word_1_81' title='bbox 863 1481 988 1544; x_wconf 88' lang='lat' dir='ltr'><strong>omnino</strong></span> <span class='ocrx_word' id='word_1_82' title='bbox 1007 1498 1070 1543; x_wconf 93' lang='lat' dir='ltr'><strong>non</strong></span> <span class='ocrx_word' id='word_1_83' title='bbox 1089 1477 1240 1542; x_wconf 81' lang='lat' dir='ltr'><strong>differant</strong></span> 
     </span>
     <span class='ocr_line' id='line_1_13' title="bbox 140 1581 1241 1672; baseline 0 -26"><span class='ocrx_word' id='word_1_84' title='bbox 140 1581 220 1648; x_wconf 85' lang='lat' dir='ltr'><strong>Num</strong></span> <span class='ocrx_word' id='word_1_85' title='bbox 242 1584 276 1648; x_wconf 92' lang='lat' dir='ltr'><strong>in</strong></span> <span class='ocrx_word' id='word_1_86' title='bbox 297 1584 386 1648; x_wconf 87' lang='lat' dir='ltr'><strong>libris</strong></span> <span class='ocrx_word' id='word_1_87' title='bbox 407 1583 524 1648; x_wconf 90' lang='lat' dir='ltr'>I-III</span> <span class='ocrx_word' id='word_1_88' title='bbox 550 1585 667 1672; x_wconf 79' lang='lat' dir='ltr'><strong>odilla</strong></span> <span class='ocrx_word' id='word_1_89' title='bbox 692 1587 827 1650; x_wconf 87' lang='lat' dir='ltr'><strong>nomina.</strong></span> <span class='ocrx_word' id='word_1_90' title='bbox 843 1604 1013 1670; x_wconf 90' lang='lat' dir='ltr'><strong>pronomen</strong></span> <span class='ocrx_word' id='word_1_91' title='bbox 1036 1606 1116 1652; x_wconf 86' lang='lat' dir='ltr'><strong>suus</strong></span> <span class='ocrx_word' id='word_1_92' title='bbox 1137 1584 1241 1666; x_wconf 89' lang='lat' dir='ltr'><strong>semel,</strong></span> 
     </span>
     <span class='ocr_line' id='line_1_14' title="bbox 140 1688 1241 1777; baseline 0.003 -25"><span class='ocrx_word' id='word_1_93' title='bbox 140 1689 174 1752; x_wconf 91' lang='lat' dir='ltr'><strong>in</strong></span> <span class='ocrx_word' id='word_1_94' title='bbox 195 1688 274 1753; x_wconf 91' lang='lat' dir='ltr'><strong>libro</strong></span> <span class='ocrx_word' id='word_1_95' title='bbox 288 1688 343 1754; x_wconf 86' lang='lat' dir='ltr'><strong>IV.</strong></span> <span class='ocrx_word' id='word_1_96' title='bbox 360 1689 407 1754; x_wconf 93' lang='lat' dir='ltr'><strong>bis</strong></span> <span class='ocrx_word' id='word_1_97' title='bbox 429 1691 622 1777; x_wconf 80' lang='lat' dir='ltr'><strong>(etquidem</strong></span> <span class='ocrx_word' id='word_1_98' title='bbox 645 1711 703 1756; x_wconf 93' lang='lat' dir='ltr'><strong>suo</strong></span> <span class='ocrx_word' id='word_1_99' title='bbox 726 1693 805 1773; x_wconf 89' lang='lat' dir='ltr'><strong>iuro)</strong></span> <span class='ocrx_word' id='word_1_100' title='bbox 829 1693 1005 1776; x_wconf 88' lang='lat' dir='ltr'><strong>appositum</strong></span> <span class='ocrx_word' id='word_1_101' title='bbox 1020 1697 1079 1773; x_wconf 88' lang='lat' dir='ltr'><strong>est,</strong></span> <span class='ocrx_word' id='word_1_102' title='bbox 1101 1690 1241 1756; x_wconf 88' lang='lat' dir='ltr'><strong>inlibris</strong></span> 
     </span>
     <span class='ocr_line' id='line_1_15' title="bbox 139 1793 1242 1874; baseline 0.003 -17"><span class='ocrx_word' id='word_1_103' title='bbox 139 1793 256 1860; x_wconf 90' lang='lat' dir='ltr'>I-III</span> <span class='ocrx_word' id='word_1_104' title='bbox 278 1801 434 1874; x_wconf 72' lang='lat' dir='ltr'><strong>neuster,</strong></span> <span class='ocrx_word' id='word_1_105' title='bbox 456 1796 667 1868; x_wconf 80' lang='lat' dir='ltr'><strong>inlibroIV.</strong></span> <span class='ocrx_word' id='word_1_106' title='bbox 690 1799 792 1861; x_wconf 84' lang='lat' dir='ltr'><strong>sexies</strong></span> <span class='ocrx_word' id='word_1_107' title='bbox 815 1797 908 1862; x_wconf 83' lang='lat' dir='ltr'><strong>deest</strong></span> <span class='ocrx_word' id='word_1_108' title='bbox 953 1797 1020 1861; x_wconf 87' lang='lat' dir='ltr'><strong>Iam</strong></span> <span class='ocrx_word' id='word_1_109' title='bbox 1043 1816 1118 1861; x_wconf 89' lang='lat' dir='ltr'><strong>vero</strong></span> <span class='ocrx_word' id='word_1_110' title='bbox 1137 1796 1242 1861; x_wconf 71' lang='lat' dir='ltr'><strong>lister-</strong></span> 
     </span>
     <span class='ocr_line' id='line_1_16' title="bbox 140 1902 1242 1988; baseline 0.004 -26"><span class='ocrx_word' id='word_1_111' title='bbox 140 1903 277 1966; x_wconf 85' lang='lat' dir='ltr'><strong>nauxius</strong></span> <span class='ocrx_word' id='word_1_112' title='bbox 312 1923 362 1986; x_wconf 87' lang='lat' dir='ltr'><strong>pg.</strong></span> <span class='ocrx_word' id='word_1_113' title='bbox 396 1902 434 1966; x_wconf 96' lang='grc'><strong>11</strong></span> <span class='ocrx_word' id='word_1_114' title='bbox 475 1903 677 1986; x_wconf 85' lang='lat' dir='ltr'><strong>demonstrat,</strong></span> <span class='ocrx_word' id='word_1_115' title='bbox 714 1905 777 1968; x_wconf 82' lang='lat' dir='ltr'><strong>alia</strong></span> <span class='ocrx_word' id='word_1_116' title='bbox 814 1923 940 1988; x_wconf 88' lang='lat' dir='ltr'><strong>quoque</strong></span> <span class='ocrx_word' id='word_1_117' title='bbox 976 1902 1172 1968; x_wconf 85' lang='lat' dir='ltr'><strong>substantiva</strong></span> <span class='ocrx_word' id='word_1_118' title='bbox 1208 1905 1242 1966; x_wconf 92' lang='lat' dir='ltr'><strong>in</strong></span> 
     </span>
     <span class='ocr_line' id='line_1_17' title="bbox 142 2006 1243 2094; baseline 0.001 -25"><span class='ocrx_word' id='word_1_119' title='bbox 142 2006 287 2072; x_wconf 89' lang='lat' dir='ltr'><strong>omnibus</strong></span> <span class='ocrx_word' id='word_1_120' title='bbox 308 2013 455 2092; x_wconf 82' lang='lat' dir='ltr'><strong>quattuor</strong></span> <span class='ocrx_word' id='word_1_121' title='bbox 473 2009 562 2074; x_wconf 89' lang='lat' dir='ltr'><strong>libris</strong></span> <span class='ocrx_word' id='word_1_122' title='bbox 580 2029 654 2074; x_wconf 92' lang='lat' dir='ltr'><strong>cum</strong></span> <span class='ocrx_word' id='word_1_123' title='bbox 672 2010 856 2094; x_wconf 87' lang='lat' dir='ltr'><strong>pronomine</strong></span> <span class='ocrx_word' id='word_1_124' title='bbox 873 2010 1047 2093; x_wconf 88' lang='lat' dir='ltr'><strong>possessivo</strong></span> <span class='ocrx_word' id='word_1_125' title='bbox 1069 2030 1149 2076; x_wconf 81' lang='lat' dir='ltr'><strong>suus</strong></span> <span class='ocrx_word' id='word_1_126' title='bbox 1171 2028 1243 2072; x_wconf 92' lang='lat' dir='ltr'><strong>oon·</strong></span> 
     </span>
     <span class='ocr_line' id='line_1_18' title="bbox 140 2113 1242 2200; baseline 0.002 -24"><span class='ocrx_word' id='word_1_127' title='bbox 140 2113 247 2179; x_wconf 82' lang='lat' dir='ltr'><strong>iuncta</strong></span> <span class='ocrx_word' id='word_1_128' title='bbox 260 2133 336 2197; x_wconf 89' lang='lat' dir='ltr'><strong>esse,</strong></span> <span class='ocrx_word' id='word_1_129' title='bbox 349 2115 404 2180; x_wconf 93' lang='lat' dir='ltr'><strong>ubi</strong></span> <span class='ocrx_word' id='word_1_130' title='bbox 418 2134 512 2181; x_wconf 85' lang='lat' dir='ltr'><strong>causa</strong></span> <span class='ocrx_word' id='word_1_131' title='bbox 525 2135 589 2180; x_wconf 93' lang='lat' dir='ltr'><strong>non</strong></span> <span class='ocrx_word' id='word_1_132' title='bbox 603 2117 652 2198; x_wconf 67' lang='lat' dir='ltr'><strong>sit,</strong></span> <span class='ocrx_word' id='word_1_133' title='bbox 670 2121 760 2180; x_wconf 89' lang='lat' dir='ltr'><strong>utne</strong></span> <span class='ocrx_word' id='word_1_134' title='bbox 774 2120 930 2180; x_wconf 81' lang='lat' dir='ltr'><strong>auctorem</strong></span> <span class='ocrx_word' id='word_1_135' title='bbox 950 2115 1077 2200; x_wconf 90' lang='lat' dir='ltr'><strong>quidem</strong></span> <span class='ocrx_word' id='word_1_136' title='bbox 1090 2114 1242 2179; x_wconf 90' lang='lat' dir='ltr'><strong>librorum</strong></span> 
     </span>
     <span class='ocr_line' id='line_1_19' title="bbox 141 2217 1243 2305; baseline 0.003 -23"><span class='ocrx_word' id='word_1_137' title='bbox 141 2217 258 2283; x_wconf 92' lang='grc' dir='ltr'><strong>Ι-ΠΙ</strong></span> <span class='ocrx_word' id='word_1_138' title='bbox 285 2221 413 2286; x_wconf 86' lang='lat' dir='ltr'><strong>meliore</strong></span> <span class='ocrx_word' id='word_1_139' title='bbox 440 2221 563 2287; x_wconf 84' lang='lat' dir='ltr'><strong>dicendi</strong></span> <span class='ocrx_word' id='word_1_140' title='bbox 585 2221 811 2286; x_wconf 88' lang='lat' dir='ltr'><strong>consuetudine</strong></span> <span class='ocrx_word' id='word_1_141' title='bbox 837 2241 932 2286; x_wconf 92' lang='lat' dir='ltr'><strong>usum</strong></span> <span class='ocrx_word' id='word_1_142' title='bbox 958 2241 1025 2286; x_wconf 89' lang='lat' dir='ltr'><strong>esse</strong></span> <span class='ocrx_word' id='word_1_143' title='bbox 1054 2241 1149 2305; x_wconf 87' lang='lat' dir='ltr'><strong>quam</strong></span> <span class='ocrx_word' id='word_1_144' title='bbox 1170 2220 1243 2285; x_wconf 89' lang='lat' dir='ltr'><strong>libri</strong></span> 
     </span>
     <span class='ocr_line' id='line_1_20' title="bbox 142 2307 1244 2412; baseline 0 -22"><span class='ocrx_word' id='word_1_145' title='bbox 142 2327 244 2410; x_wconf 76' lang='lat' dir='ltr'><strong>quarti</strong></span> <span class='ocrx_word' id='word_1_146' title='bbox 260 2327 406 2392; x_wconf 82' lang='lat' dir='ltr'><strong>contendi</strong></span> <span class='ocrx_word' id='word_1_147' title='bbox 420 2329 519 2394; x_wconf 76' lang='lat' dir='ltr'><strong>liceat.</strong></span> <span class='ocrx_word' id='word_1_148' title='bbox 554 2327 617 2392; x_wconf 90' lang='lat' dir='ltr'><strong>Hic</strong></span> <span class='ocrx_word' id='word_1_149' title='bbox 631 2307 757 2394; x_wconf 84' lang='lat' dir='ltr'><strong>liberior</strong></span> <span class='ocrx_word' id='word_1_150' title='bbox 774 2347 851 2393; x_wconf 92' lang='lat' dir='ltr'><strong>usus</strong></span> <span class='ocrx_word' id='word_1_151' title='bbox 867 2329 1059 2412; x_wconf 89' lang='lat' dir='ltr'><strong>pronominis</strong></span> <span class='ocrx_word' id='word_1_152' title='bbox 1076 2327 1244 2411; x_wconf 85' lang='lat' dir='ltr'><strong>possessivi</strong></span> 
     </span>
     <span class='ocr_line' id='line_1_21' title="bbox 142 2433 1243 2520; baseline -0.001 -22"><span class='ocrx_word' id='word_1_153' title='bbox 142 2453 234 2514; x_wconf 82' lang='lat' dir='ltr'><strong>suus,</strong></span> <span class='ocrx_word' id='word_1_154' title='bbox 272 2453 366 2517; x_wconf 90' lang='lat' dir='ltr'><strong>quem</strong></span> <span class='ocrx_word' id='word_1_155' title='bbox 403 2435 554 2519; x_wconf 84' lang='lat' dir='ltr'><strong>exemplis</strong></span> <span class='ocrx_word' id='word_1_156' title='bbox 592 2452 718 2520; x_wconf 90' lang='lat' dir='ltr'><strong>quoque</strong></span> <span class='ocrx_word' id='word_1_157' title='bbox 755 2453 797 2499; x_wconf 82' lang='lat' dir='ltr'><strong>ex</strong></span> <span class='ocrx_word' id='word_1_158' title='bbox 833 2433 903 2498; x_wconf 89' lang='lat' dir='ltr'><strong>libr.</strong></span> <span class='ocrx_word' id='word_1_159' title='bbox 937 2433 976 2498; x_wconf 89' lang='lat' dir='ltr'><strong>de</strong></span> <span class='ocrx_word' id='word_1_160' title='bbox 1013 2435 1103 2517; x_wconf 87' lang='lat' dir='ltr'><strong>aquis</strong></span> <span class='ocrx_word' id='word_1_161' title='bbox 1139 2434 1243 2518; x_wconf 86' lang='lat' dir='ltr'><strong>petitis</strong></span> 
     </span>
     <span class='ocr_line' id='line_1_22' title="bbox 141 2538 1244 2626; baseline -0.002 -23"><span class='ocrx_word' id='word_1_162' title='bbox 141 2538 341 2625; x_wconf 84' lang='lat' dir='ltr'><strong>comprobare</strong></span> <span class='ocrx_word' id='word_1_163' title='bbox 366 2559 493 2625; x_wconf 88' lang='lat' dir='ltr'><strong>possum</strong></span> <span class='ocrx_word' id='word_1_164' title='bbox 519 2541 568 2626; x_wconf 84' lang='lat' dir='ltr'><strong>(cf.</strong></span> <span class='ocrx_word' id='word_1_165' title='bbox 591 2559 616 2605; x_wconf 91' lang='lat' dir='ltr'><strong>e.</strong></span> <span class='ocrx_word' id='word_1_166' title='bbox 639 2561 668 2624; x_wconf 85' lang='lat' dir='ltr'><strong>g.</strong></span> <span class='ocrx_word' id='word_1_167' title='bbox 692 2541 747 2623; x_wconf 83' lang='lat'><strong>28,</strong></span> <span class='ocrx_word' id='word_1_168' title='bbox 775 2541 830 2620; x_wconf 75' lang='lat'><strong>273</strong></span> <span class='ocrx_word' id='word_1_169' title='bbox 860 2542 914 2621; x_wconf 83' lang='lat'><strong>33,</strong></span> <span class='ocrx_word' id='word_1_170' title='bbox 943 2541 999 2620; x_wconf 80' lang='lat'><strong>24;</strong></span> <span class='ocrx_word' id='word_1_171' title='bbox 1028 2540 1163 2622; x_wconf 85' lang='lat'>34,12;</span> <span class='ocrx_word' id='word_1_172' title='bbox 1193 2539 1244 2621; x_wconf 79' lang='lat'><strong>37,</strong></span> 
     </span>
     <span class='ocr_line' id='line_1_23' title="bbox 144 2645 1246 2730; baseline 0 -22"><span class='ocrx_word' id='word_1_173' title='bbox 144 2646 183 2708; x_wconf 82' lang='grc'><strong>17</strong></span> <span class='ocrx_word' id='word_1_174' title='bbox 211 2646 270 2728; x_wconf 79' lang='lat' dir='ltr'><strong>al),</strong></span> <span class='ocrx_word' id='word_1_175' title='bbox 300 2665 364 2711; x_wconf 90' lang='lat' dir='ltr'><strong>non</strong></span> <span class='ocrx_word' id='word_1_176' title='bbox 392 2652 438 2711; x_wconf 91' lang='lat' dir='ltr'><strong>est</strong></span> <span class='ocrx_word' id='word_1_177' title='bbox 463 2648 648 2730; x_wconf 87' lang='lat' dir='ltr'><strong>scriptorum</strong></span> <span class='ocrx_word' id='word_1_178' title='bbox 675 2666 787 2711; x_wconf 90' lang='lat' dir='ltr'><strong>aureae</strong></span> <span class='ocrx_word' id='word_1_179' title='bbox 813 2647 934 2728; x_wconf 82' lang='lat' dir='ltr'><strong>aetatis,</strong></span> <span class='ocrx_word' id='word_1_180' title='bbox 964 2645 1019 2710; x_wconf 89' lang='lat' dir='ltr'><strong>sed</strong></span> <span class='ocrx_word' id='word_1_181' title='bbox 1045 2645 1246 2710; x_wconf 82' lang='lat' dir='ltr'><strong>increbrescit</strong></span> 
     </span>
     <span class='ocr_line' id='line_1_24' title="bbox 142 2751 1244 2837; baseline -0.002 -21"><span class='ocrx_word' id='word_1_182' title='bbox 142 2753 225 2837; x_wconf 89' lang='lat' dir='ltr'><strong>apud</strong></span> <span class='ocrx_word' id='word_1_183' title='bbox 252 2753 398 2837; x_wconf 86' lang='lat' dir='ltr'><strong>aequales</strong></span> <span class='ocrx_word' id='word_1_184' title='bbox 423 2751 580 2834; x_wconf 81' lang='lat' dir='ltr'><strong>Frontini‚</strong></span> <span class='ocrx_word' id='word_1_185' title='bbox 606 2755 766 2818; x_wconf 88' lang='lat' dir='ltr'><strong>invenitur</strong></span> <span class='ocrx_word' id='word_1_186' title='bbox 792 2760 896 2818; x_wconf 85' lang='lat' dir='ltr'><strong>autem</strong></span> <span class='ocrx_word' id='word_1_187' title='bbox 928 2755 991 2817; x_wconf 84' lang='lat' dir='ltr'><strong>ism</strong></span> <span class='ocrx_word' id='word_1_188' title='bbox 1014 2753 1137 2836; x_wconf 87' lang='lat' dir='ltr'><strong>saepius</strong></span> <span class='ocrx_word' id='word_1_189' title='bbox 1160 2751 1244 2835; x_wconf 86' lang='lat' dir='ltr'><strong>apud</strong></span> 
     </span>
     <span class='ocr_line' id='line_1_25' title="bbox 141 2857 1246 2943; baseline 0 -22"><span class='ocrx_word' id='word_1_190' title='bbox 141 2857 297 2923; x_wconf 83' lang='lat' dir='ltr'><strong>Velleium</strong></span> <span class='ocrx_word' id='word_1_191' title='bbox 325 2864 356 2924; x_wconf 89' lang='lat' dir='ltr'><strong>et</strong></span> <span class='ocrx_word' id='word_1_192' title='bbox 381 2860 523 2943; x_wconf 91' lang='lat' dir='ltr'><strong>inprimis</strong></span> <span class='ocrx_word' id='word_1_193' title='bbox 553 2860 588 2922; x_wconf 93' lang='lat' dir='ltr'><strong>in</strong></span> <span class='ocrx_word' id='word_1_194' title='bbox 615 2860 738 2942; x_wconf 87' lang='lat' dir='ltr'><strong>scriptis</strong></span> <span class='ocrx_word' id='word_1_195' title='bbox 765 2858 853 2924; x_wconf 84' lang='lat' dir='ltr'><strong>Corn</strong></span> <span class='ocrx_word' id='word_1_196' title='bbox 880 2858 1023 2943; x_wconf 85' lang='lat' dir='ltr'><strong>Nepotis,</strong></span> <span class='ocrx_word' id='word_1_197' title='bbox 1056 2857 1142 2942; x_wconf 91' lang='lat' dir='ltr'><strong>quod</strong></span> <span class='ocrx_word' id='word_1_198' title='bbox 1169 2858 1246 2922; x_wconf 88' lang='lat' dir='ltr'><strong>dicit</strong></span> 
     </span>
     <span class='ocr_line' id='line_1_26' title="bbox 143 2963 662 3049; baseline -0.002 -20"><span class='ocrx_word' id='word_1_199' title='bbox 143 2963 405 3030; x_wconf 83' lang='lat' dir='ltr'><strong>Gundermannus</strong></span> <span class='ocrx_word' id='word_1_200' title='bbox 426 2965 446 3028; x_wconf 92' lang='lat' dir='ltr'><strong>l.</strong></span> <span class='ocrx_word' id='word_1_201' title='bbox 469 2984 494 3029; x_wconf 92' lang='lat' dir='ltr'><strong>c.</strong></span> <span class='ocrx_word' id='word_1_202' title='bbox 516 2985 565 3049; x_wconf 84' lang='lat' dir='ltr'><strong>pg.</strong></span> <span class='ocrx_word' id='word_1_203' title='bbox 590 2966 662 3029; x_wconf 83' lang='grc'><strong>324.</strong></span> 
     </span>
    </p>

    <p class='ocr_par' dir='ltr' id='par_1_5' title="bbox 141 3067 1248 3794">
     <span class='ocr_line' id='line_1_27' title="bbox 229 3067 1245 3155; baseline -0.001 -20"><span class='ocrx_word' id='word_1_204' title='bbox 229 3067 259 3136; x_wconf 77' lang='lat'><strong>2.</strong></span> <span class='ocrx_word' id='word_1_205' title='bbox 281 3070 483 3135; x_wconf 89' lang='lat' dir='ltr'><strong>Woelfflinus</strong></span> <span class='ocrx_word' id='word_1_206' title='bbox 510 3089 559 3155; x_wconf 83' lang='lat' dir='ltr'><strong>pg.</strong></span> <span class='ocrx_word' id='word_1_207' title='bbox 584 3071 625 3134; x_wconf 80' lang='grc'><strong>76</strong></span> <span class='ocrx_word' id='word_1_208' title='bbox 649 3070 735 3153; x_wconf 89' lang='lat' dir='ltr'><strong>dicit,</strong></span> <span class='ocrx_word' id='word_1_209' title='bbox 761 3070 922 3135; x_wconf 91' lang='lat' dir='ltr'><strong>nonnullis</strong></span> <span class='ocrx_word' id='word_1_210' title='bbox 948 3070 1025 3134; x_wconf 88' lang='lat' dir='ltr'><strong>locis</strong></span> <span class='ocrx_word' id='word_1_211' title='bbox 1052 3068 1245 3134; x_wconf 71' lang='lat' dir='ltr'><strong>amantino</strong></span> 
     </span>
     <span class='ocr_line' id='line_1_28' title="bbox 141 3175 1246 3263; baseline -0.004 -21"><span class='ocrx_word' id='word_1_212' title='bbox 141 3197 312 3263; x_wconf 89' lang='lat' dir='ltr'><strong>pronomen</strong></span> <span class='ocrx_word' id='word_1_213' title='bbox 333 3177 363 3244; x_wconf 79' lang='lat' dir='ltr'><strong>is</strong></span> <span class='ocrx_word' id='word_1_214' title='bbox 384 3181 570 3262; x_wconf 87' lang='lat' dir='ltr'><strong>usurpatum</strong></span> <span class='ocrx_word' id='word_1_215' title='bbox 592 3195 672 3259; x_wconf 85' lang='lat' dir='ltr'><strong>esse,</strong></span> <span class='ocrx_word' id='word_1_216' title='bbox 699 3176 755 3242; x_wconf 89' lang='lat' dir='ltr'><strong>ubi</strong></span> <span class='ocrx_word' id='word_1_217' title='bbox 781 3195 837 3241; x_wconf 89' lang='lat' dir='ltr'><strong>nos</strong></span> <span class='ocrx_word' id='word_1_218' title='bbox 860 3176 1027 3240; x_wconf 85' lang='lat' dir='ltr'><strong>articulum</strong></span> <span class='ocrx_word' id='word_1_219' title='bbox 1049 3175 1246 3240; x_wconf 84' lang='lat' dir='ltr'><strong>indefinitum</strong></span> 
     </span>
     <span class='ocr_line' id='line_1_29' title="bbox 141 3280 1246 3368; baseline -0.004 -20"><span class='ocrx_word' id='word_1_220' title='bbox 141 3303 257 3368; x_wconf 83' lang='lat' dir='ltr'><strong>ponere</strong></span> <span class='ocrx_word' id='word_1_221' title='bbox 283 3284 446 3349; x_wconf 89' lang='lat' dir='ltr'><strong>soleamus.</strong></span> <span class='ocrx_word' id='word_1_222' title='bbox 495 3281 565 3359; x_wconf 81' lang='lat' dir='ltr'><strong>Quo</strong></span> <span class='ocrx_word' id='word_1_223' title='bbox 590 3284 747 3366; x_wconf 88' lang='lat' dir='ltr'><strong>pertinent</strong></span> <span class='ocrx_word' id='word_1_224' title='bbox 772 3282 848 3346; x_wconf 86' lang='lat' dir='ltr'><strong>haec</strong></span> <span class='ocrx_word' id='word_1_225' title='bbox 875 3281 1031 3365; x_wconf 83' lang='lat' dir='ltr'><strong>exemplo:</strong></span> <span class='ocrx_word' id='word_1_226' title='bbox 1060 3287 1145 3345; x_wconf 82' lang='lat' dir='ltr'><strong>strat.</strong></span> <span class='ocrx_word' id='word_1_227' title='bbox 1168 3280 1192 3344; x_wconf 90' lang='lat' dir='ltr'><strong>I.</strong></span> <span class='ocrx_word' id='word_1_228' title='bbox 1217 3282 1246 3363; x_wconf 84' lang='lat'><strong>5,</strong></span> 
     </span>
     <span class='ocr_line' id='line_1_30' title="bbox 145 3385 1245 3473; baseline -0.001 -20"><span class='ocrx_word' id='word_1_229' title='bbox 145 3391 185 3454; x_wconf 91' lang='lat'><strong>10</strong></span> <span class='ocrx_word' id='word_1_230' title='bbox 211 3391 251 3458; x_wconf 77' lang='lat' dir='ltr'><strong>io</strong></span> <span class='ocrx_word' id='word_1_231' title='bbox 277 3411 349 3458; x_wconf 84' lang='lat' dir='ltr'><strong>eum</strong></span> <span class='ocrx_word' id='word_1_232' title='bbox 375 3389 477 3458; x_wconf 73' lang='lat' dir='ltr'><strong>brctcm</strong></span> <span class='ocrx_word' id='word_1_233' title='bbox 499 3389 692 3473; x_wconf 55' lang='lat' dir='ltr'><strong>conpulsum</strong></span> <span class='ocrx_word' id='word_1_234' title='bbox 720 3389 752 3471; x_wconf 95' lang='grc'><strong>5,</strong></span> <span class='ocrx_word' id='word_1_235' title='bbox 779 3390 820 3452; x_wconf 86' lang='grc'><strong>21</strong></span> <span class='ocrx_word' id='word_1_236' title='bbox 849 3387 990 3454; x_wconf 78' lang='lat' dir='ltr'><strong>obsessas</strong></span> <span class='ocrx_word' id='word_1_237' title='bbox 1012 3408 1050 3454; x_wconf 85' lang='lat' dir='ltr'><strong>eo</strong></span> <span class='ocrx_word' id='word_1_238' title='bbox 1067 3391 1178 3471; x_wconf 78' lang='lat' dir='ltr'><strong>pcrte;</strong></span> <span class='ocrx_word' id='word_1_239' title='bbox 1204 3385 1245 3452; x_wconf 93' lang='grc' dir='ltr'><strong>Π.</strong></span> 
     </span>
     <span class='ocr_line' id='line_1_31' title="bbox 145 3493 1248 3580; baseline 0.002 -21"><span class='ocrx_word' id='word_1_240' title='bbox 145 3499 177 3580; x_wconf 88' lang='grc'><strong>5,</strong></span> <span class='ocrx_word' id='word_1_241' title='bbox 201 3497 220 3560; x_wconf 86' lang='grc'><strong>6</strong></span> <span class='ocrx_word' id='word_1_242' title='bbox 243 3498 282 3564; x_wconf 79' lang='lat' dir='ltr'><strong>io</strong></span> <span class='ocrx_word' id='word_1_243' title='bbox 304 3498 350 3564; x_wconf 81' lang='lat' dir='ltr'><strong>eie</strong></span> <span class='ocrx_word' id='word_1_244' title='bbox 371 3496 506 3580; x_wconf 83' lang='lat' dir='ltr'><strong>cumpis;</strong></span> <span class='ocrx_word' id='word_1_245' title='bbox 534 3498 567 3578; x_wconf 85' lang='lat'><strong>5,</strong></span> <span class='ocrx_word' id='word_1_246' title='bbox 596 3497 636 3560; x_wconf 88' lang='lat'><strong>13</strong></span> <span class='ocrx_word' id='word_1_247' title='bbox 658 3497 698 3563; x_wconf 81' lang='lat' dir='ltr'><strong>in</strong></span> <span class='ocrx_word' id='word_1_248' title='bbox 720 3495 766 3562; x_wconf 81' lang='lat' dir='ltr'><strong>eis</strong></span> <span class='ocrx_word' id='word_1_249' title='bbox 788 3495 871 3562; x_wconf 67' lang='lat' dir='ltr'><strong>locis:</strong></span> <span class='ocrx_word' id='word_1_250' title='bbox 922 3493 979 3560; x_wconf 85' lang='lat' dir='ltr'><strong>Str.</strong></span> <span class='ocrx_word' id='word_1_251' title='bbox 1002 3494 1026 3559; x_wconf 94' lang='grc' dir='ltr'><strong>Ι.</strong></span> <span class='ocrx_word' id='word_1_252' title='bbox 1053 3497 1107 3578; x_wconf 91' lang='grc'><strong>11,</strong></span> <span class='ocrx_word' id='word_1_253' title='bbox 1134 3496 1156 3557; x_wconf 86' lang='grc'>4</span> <span class='ocrx_word' id='word_1_254' title='bbox 1178 3494 1248 3561; x_wconf 81' lang='lat' dir='ltr'><strong>cius</strong></span> 
     </span>
     <span class='ocr_line' id='line_1_32' title="bbox 143 3600 1246 3685; baseline -0.005 -16"><span class='ocrx_word' id='word_1_255' title='bbox 143 3624 207 3670; x_wconf 86' lang='lat' dir='ltr'><strong>esse</strong></span> <span class='ocrx_word' id='word_1_256' title='bbox 230 3603 398 3685; x_wconf 81' lang='lat' dir='ltr'><strong>libertatis;</strong></span> <span class='ocrx_word' id='word_1_257' title='bbox 424 3602 464 3666; x_wconf 92' lang='lat' dir='ltr'><strong>II.</strong></span> <span class='ocrx_word' id='word_1_258' title='bbox 489 3603 523 3685; x_wconf 92' lang='grc'><strong>5,</strong></span> <span class='ocrx_word' id='word_1_259' title='bbox 551 3603 592 3666; x_wconf 87' lang='grc'><strong>39</strong></span> <span class='ocrx_word' id='word_1_260' title='bbox 615 3601 804 3670; x_wconf 76' lang='lat' dir='ltr'><strong>occuluere</strong></span> <span class='ocrx_word' id='word_1_261' title='bbox 827 3600 954 3684; x_wconf 79' lang='lat' dir='ltr'><strong>adfecit.</strong></span> <span class='ocrx_word' id='word_1_262' title='bbox 1000 3600 1120 3665; x_wconf 84' lang='lat' dir='ltr'><strong>Iniuria</strong></span> <span class='ocrx_word' id='word_1_263' title='bbox 1142 3605 1246 3664; x_wconf 87' lang='lat' dir='ltr'><strong>autem</strong></span> 
     </span>
     <span class='ocr_line' id='line_1_33' title="bbox 143 3707 1248 3794; baseline -0.004 -21"><span class='ocrx_word' id='word_1_264' title='bbox 143 3707 344 3774; x_wconf 85' lang='lat' dir='ltr'><strong>Woelfflinus</strong></span> <span class='ocrx_word' id='word_1_265' title='bbox 374 3710 409 3773; x_wconf 91' lang='lat' dir='ltr'><strong>in</strong></span> <span class='ocrx_word' id='word_1_266' title='bbox 439 3711 498 3774; x_wconf 90' lang='lat' dir='ltr'><strong>hoc</strong></span> <span class='ocrx_word' id='word_1_267' title='bbox 528 3709 720 3794; x_wconf 87' lang='lat' dir='ltr'><strong>pronominis</strong></span> <span class='ocrx_word' id='word_1_268' title='bbox 755 3728 817 3772; x_wconf 89' lang='lat' dir='ltr'><strong>usu</strong></span> <span class='ocrx_word' id='word_1_269' title='bbox 848 3707 943 3772; x_wconf 88' lang='lat' dir='ltr'><strong>libros</strong></span> <span class='ocrx_word' id='word_1_270' title='bbox 974 3712 1036 3772; x_wconf 88' lang='lat' dir='ltr'><strong>tres</strong></span> <span class='ocrx_word' id='word_1_271' title='bbox 1066 3707 1184 3790; x_wconf 89' lang='lat' dir='ltr'><strong>priores</strong></span> <span class='ocrx_word' id='word_1_272' title='bbox 1216 3710 1248 3770; x_wconf 87' lang='lat' dir='ltr'><strong>et</strong></span> 
     </span>
    </p>
   </div>
   <div class='ocr_carea' id='block_1_5' title="bbox 144 3809 1344 3900">
    <p class='ocr_par' dir='ltr' id='par_1_6' title="bbox 144 3809 1344 3900">
     <span class='ocr_line' id='line_1_34' title="bbox 144 3809 1344 3900; baseline -0.006 -20"><span class='ocrx_word' id='word_1_273' title='bbox 144 3820 290 3900; x_wconf 87' lang='lat' dir='ltr'><strong>quartum</strong></span> <span class='ocrx_word' id='word_1_274' title='bbox 315 3815 432 3880; x_wconf 91' lang='lat' dir='ltr'><strong>librum</strong></span> <span class='ocrx_word' id='word_1_275' title='bbox 462 3817 543 3881; x_wconf 82' lang='lat' dir='ltr'><strong>inter</strong></span> <span class='ocrx_word' id='word_1_276' title='bbox 573 3835 606 3880; x_wconf 90' lang='lat' dir='ltr'><strong>se</strong></span> <span class='ocrx_word' id='word_1_277' title='bbox 634 3815 756 3880; x_wconf 86' lang='lat' dir='ltr'><strong>differre</strong></span> <span class='ocrx_word' id='word_1_278' title='bbox 781 3819 884 3899; x_wconf 76' lang='lat' dir='ltr'><strong>putet,</strong></span> <span class='ocrx_word' id='word_1_279' title='bbox 915 3832 989 3877; x_wconf 89' lang='lat' dir='ltr'><strong>curn</strong></span> <span class='ocrx_word' id='word_1_280' title='bbox 1019 3814 1052 3876; x_wconf 91' lang='lat' dir='ltr'><strong>in</strong></span> <span class='ocrx_word' id='word_1_281' title='bbox 1084 3810 1164 3875; x_wconf 92' lang='lat' dir='ltr'><strong>libro</strong></span> <span class='ocrx_word' id='word_1_282' title='bbox 1190 3809 1246 3876; x_wconf 87' lang='lat' dir='ltr'><strong>IV.</strong></span> <span class='ocrx_word' id='word_1_283' title='bbox 1342 3893 1344 3900; x_wconf 17' lang='grc' dir='ltr'><strong><em>Α</em></strong></span> 
     </span>
    </p>
   </div>
   <div class='ocr_carea' id='block_1_6' title="bbox 142 3919 1248 4007">
    <p class='ocr_par' dir='ltr' id='par_1_7' title="bbox 142 3919 1248 4007">
     <span class='ocr_line' id='line_1_35' title="bbox 142 3919 1248 4007; baseline -0.005 -21"><span class='ocrx_word' id='word_1_284' title='bbox 142 3921 322 3986; x_wconf 86' lang='lat' dir='ltr'><strong>huiusmodi</strong></span> <span class='ocrx_word' id='word_1_285' title='bbox 345 3923 525 4007; x_wconf 87' lang='lat' dir='ltr'><strong>exemplum</strong></span> <span class='ocrx_word' id='word_1_286' title='bbox 547 3941 609 3986; x_wconf 90' lang='lat' dir='ltr'><strong>non</strong></span> <span class='ocrx_word' id='word_1_287' title='bbox 636 3923 823 3986; x_wconf 87' lang='lat' dir='ltr'><strong>inveniatur.</strong></span> <span class='ocrx_word' id='word_1_288' title='bbox 868 3919 949 3984; x_wconf 83' lang='lat' dir='ltr'><strong>Nam</strong></span> <span class='ocrx_word' id='word_1_289' title='bbox 976 3920 1114 4002; x_wconf 88' lang='lat' dir='ltr'><strong>primunr</strong></span> <span class='ocrx_word' id='word_1_290' title='bbox 1141 3935 1248 3980; x_wconf 87' lang='lat' dir='ltr'><strong>exem·</strong></span> 
     </span>
    </p>
   </div>
   <div class='ocr_carea' id='block_1_7' title="bbox 144 4021 1246 4186">
    <p class='ocr_par' dir='ltr' id='par_1_8' title="bbox 144 4021 1246 4186">
     <span class='ocr_line' id='line_1_36' title="bbox 144 4021 1246 4114; baseline -0.008 -21"><span class='ocrx_word' id='word_1_291' title='bbox 144 4028 267 4114; x_wconf 90' lang='lat' dir='ltr'><strong>plorum</strong></span> <span class='ocrx_word' id='word_1_292' title='bbox 291 4028 419 4093; x_wconf 88' lang='lat' dir='ltr'><strong>illorum</strong></span> <span class='ocrx_word' id='word_1_293' title='bbox 447 4047 597 4093; x_wconf 90' lang='lat' dir='ltr'><strong>numerus</strong></span> <span class='ocrx_word' id='word_1_294' title='bbox 628 4046 692 4091; x_wconf 89' lang='lat' dir='ltr'><strong>non</strong></span> <span class='ocrx_word' id='word_1_295' title='bbox 719 4033 767 4091; x_wconf 87' lang='lat' dir='ltr'><strong>est</strong></span> <span class='ocrx_word' id='word_1_296' title='bbox 797 4027 872 4092; x_wconf 89' lang='lat' dir='ltr'><strong>satis</strong></span> <span class='ocrx_word' id='word_1_297' title='bbox 899 4044 1046 4109; x_wconf 83' lang='lat' dir='ltr'><strong>magnus,</strong></span> <span class='ocrx_word' id='word_1_298' title='bbox 1074 4021 1185 4086; x_wconf 89' lang='lat' dir='ltr'><strong>deinde</strong></span> <span class='ocrx_word' id='word_1_299' title='bbox 1199 4023 1246 4086; x_wconf 86' lang='lat' dir='ltr'><strong>¹in</strong></span> 
     </span>
     <span class='ocr_line' id='line_1_37' title="bbox 1086 4143 1119 4186; baseline 0 -18"><span class='ocrx_word' id='word_1_300' title='bbox 1086 4143 1119 4186; x_wconf 78' lang='grc'><strong>2.</strong></span> 
     </span>
    </p>
   </div>
   <div class='ocr_carea' id='block_1_8' title="bbox 0 0 1537 4476">
    <p class='ocr_par' dir='ltr' id='par_1_9' title="bbox 0 0 1537 4476">
     <span class='ocr_line' id='line_1_38' title="bbox 0 0 1537 4476; baseline 0 0"><span class='ocrx_word' id='word_1_301' title='bbox 0 0 1537 4476; x_wconf 95' lang='lat' dir='ltr'><strong> </strong></span> 
     </span>
    </p>
   </div>
  </div>
 </body>
</html>
