3046 4476
647 264 651 272 ·
737 227 753 286 7

636 315 847 328 -ι-ι-ι--ύ-

189 423 220 486 et
246 416 364 485 librum
391 418 446 485 IV.
468 419 675 504 intercedant,
707 421 892 505 detegentur
922 425 977 488 aut
1003 440 1086 487 nova
1113 427 1297 508 argumenta

189 526 357 610 addentur,
381 527 497 612 quibus
520 527 697 592 evidentius
719 532 878 613 appareat,
901 547 1027 594 causam
1050 549 1114 594 non
1136 549 1218 615 esse,
1239 551 1297 596 our

66 635 67 640 ’
190 639 319 718 quartus
341 635 396 718 qui
418 634 519 699 fertur
538 634 619 700 liber
640 633 679 699 ab
702 653 748 716 eo,
771 635 828 718 qui
850 639 921 701 tres.
931 636 1052 719 priores
1070 637 1296 722 conscripserit,

189 739 392 806 abiudicetur.
440 739 525 817 Quas
543 740 622 805 duas
639 747 689 806 res
711 745 844 805 tractare
866 761 939 806 cum
962 747 1087 826 tempus
1108 744 1186 807 milri
1209 744 1296 825 desit,

189 845 247 910 bac
269 846 397 930 quidem
419 847 678 913 commentatione
700 847 779 910 milri
807 850 968 932 proposui,
996 867 1122 914 omnem
1148 850 1294 935 loquendi

189 953 447 1018 consuetudinem
464 951 702 1018 Frontinianam
725 959 869 1018 accurate
891 956 1085 1038 perscrutari.

276 1059 466 1145 Priusquam
498 1065 604 1126 autem
641 1061 681 1126 ad
712 1080 779 1126 rem
810 1060 888 1124 mihi
919 1063 1108 1145 propositam
1141 1064 1286 1128 accedam

188 1187 288 1252 pauca
309 1165 406 1231 verba
428 1167 467 1232 de
489 1166 791 1252 interpolationibus,
815 1167 873 1251 qui
894 1173 970 1232 sunt
990 1169 1025 1232 in
1043 1169 1131 1233 libris
1150 1175 1296 1256 stratege-

188 1279 303 1357 maton,
325 1273 457 1339 dicenda
478 1277 562 1337 sunt.
601 1273 855 1358 ¹Strategematon
883 1273 979 1339 libros
1002 1275 1205 1360 amplificatos
1228 1296 1296 1344 esse

188 1399 282 1446 nemo
308 1384 356 1445 est
377 1381 455 1464 quin
484 1380 639 1446 concedat.
684 1379 755 1444 dam
780 1399 854 1444 vero
882 1381 966 1465 quod
988 1380 1186 1448 Woelfflinus
1213 1384 1295 1468 dicit,

188 1487 444 1571 interpolationes
466 1487 537 1550 illas
553 1506 634 1570 quae
649 1487 759 1551 sintin
775 1486 844 1551 libr.
861 1487 972 1551 I-Ill
987 1508 1006 1552 a
1020 1488 1143 1554 falsario
1159 1491 1294 1574 quodam

189 1593 340 1678 profectas
349 1611 425 1676 esse,
439 1594 495 1678 qui
504 1598 652 1677 quartum
667 1611 795 1677 quoqne
808 1592 924 1658 libmm
938 1594 1093 1677 adiecerit,
1107 1598 1296 1680 quaestioni·

188 1699 248 1764 bus
278 1719 299 1764 a
328 1698 449 1765 Fritzeo
480 1704 512 1764 et
538 1699 749 1765 Estornauxio
775 1700 928 1764 institutis
955 1701 1202 1766 demonstratum
1229 1723 1296 1770 esse

190 1806 328 1888 arbitror,
359 1824 423 1871 non
454 1806 558 1870 solum
589 1805 685 1870 libros
716 1811 780 1872 tres
815 1806 934 1890 priores
965 1807 1021 1872 sed
1052 1808 1146 1873 etiam
1177 1809 1294 1874 librum

190 1918 337 1997 quartum
359 1911 399 1976 ab
416 1931 478 1977 uno
494 1912 666 1996 eodemque
680 1913 899 1997 interpolatore
915 1915 1006 1979 novis
1020 1917 1171 1999 exemplis
1186 1922 1295 1983 auctos

188 2021 240 2084 vel
261 2021 365 2104 potius
380 2020 560 2103 inquinatos
577 2037 661 2101 esse,
685 2039 747 2104 qua
769 2020 808 2084 de
830 2039 925 2084 causa
945 2020 1014 2084 fieri
1035 2040 1100 2085 non
1122 2027 1235 2106 potest,
1258 2030 1295 2089 ut
1323 2031 1325 2034 ’

188 2125 285 2207 idem,
315 2126 371 2209 qui
393 2131 457 2190 tres
478 2128 596 2209 priores
623 2125 721 2190 libros
749 2127 995 2209 interpolaverit,
1023 2133 1131 2192 auctor
1156 2131 1198 2193 sit
1224 2129 1296 2194 libri

189 2233 300 2316 quarti.
346 2232 408 2298 Sed
434 2233 473 2296 de
499 2233 539 2297 iis
566 2233 720 2316 exemplis
748 2252 830 2316 quae
873 2253 891 2297 a
919 2232 1069 2298 Frontino
1097 2235 1200 2300 aliena
1221 2238 1294 2320 sint,

189 2344 283 2423 atque
306 2338 345 2404 de
367 2341 408 2404 iis
429 2339 548 2419 causis,
575 2357 617 2403 ex
642 2337 757 2422 quibus
785 2339 890 2422 colligi
912 2339 1016 2422 liceat,
1044 2360 1126 2424 quae
1151 2344 1296 2426 exempla

189 2443 357 2510 subditicio
391 2445 530 2530 putanda
566 2447 643 2527 sint,
678 2447 711 2508 in
743 2445 883 2509 diversas
919 2447 1090 2510 sententias
1122 2449 1183 2511 viri
1214 2449 1296 2513 docti

189 2551 354 2616 discedunt
375 2553 459 2616 etin
481 2556 649 2636 posterum,
672 2556 707 2615 ut
729 2552 806 2614 mihi
829 2551 954 2635 quidem
975 2552 1106 2635 videtur,
1129 2554 1295 2620 discedent

189 2657 299 2742 Neque
320 2663 434 2740 tamen,
455 2664 492 2722 ut
513 2658 605 2722 facile
627 2663 763 2741 apparet,
787 2659 1004 2742 quaestionem
1031 2659 1071 2724 ad
1094 2679 1130 2725 ea
1152 2662 1296 2746 exempla

190 2781 270 2847 quae
292 2781 334 2828 ex
356 2783 448 2849 opere
470 2766 609 2848 genuino
631 2764 820 2829 removenda
847 2766 910 2829 sint
935 2768 1141 2849 pertinentem
1167 2785 1296 2852 prorsus

189 2870 355 2954 neglegere
376 2872 455 2936 mibi
477 2871 574 2938 licuit.

277 2975 505 3042 Praefationem
535 2976 609 3042 libri
640 2977 734 3062 primi
771 2977 875 3042 verbis
912 2976 949 3045 st
986 2979 1044 3063 qui
1075 2985 1174 3047 eruat
1197 3029 1204 3046 .
1227 3030 1234 3046 .
1257 3031 1294 3046 ..

186 3083 355 3167 posuimus
389 3089 498 3169 postea
532 3089 657 3148 auctam
693 3102 761 3148 esse
801 3089 930 3151 constat
990 3085 1154 3150 Praeterea
1191 3090 1296 3150 autem

191 3189 455 3256 Gundermannus
485 3189 759 3274 interpolationum
793 3191 853 3254 tria
884 3209 999 3273 genera
1030 3191 1076 3272 (cf.
1104 3192 1197 3276 praef.
1225 3193 1295 3258 edit.

189 3317 218 3382 p.
236 3296 328 3362 XIII.
346 3299 403 3381 sq.)
428 3297 584 3378 discernit,
606 3298 744 3380 primum
768 3296 912 3378 exempla
934 3316 1018 3360 nova
1037 3298 1152 3381 quibus
1176 3299 1296 3364 adiecto

190 3405 251 3468 iarn
283 3403 364 3470 libro
399 3407 510 3487 qrrarto
545 3420 658 3486 corpus
690 3407 932 3485 stratagematon
964 3409 1093 3467 auctum
1129 3406 1184 3484 sit;
1221 3405 1297 3469 haec

190 3510 333 3595 exempla
346 3510 532 3594 plerumque
549 3509 706 3593 incipiunt
720 3529 740 3572 a
753 3507 859 3572 verbis
872 3507 966 3574 Idem
975 3508 1067 3592 serit.
1093 3511 1151 3574 Ad.
1162 3510 1266 3575 Bauer
1272 3510 1296 3595 ¹)

191 3636 227 3682 ea
247 3616 437 3682 removenda
458 3635 523 3680 non
545 3633 614 3680 esse
636 3618 750 3678 censet
796 3611 961 3679 Contendit
983 3616 1082 3698 enim,
1110 3615 1297 3681 Frontinum

190 3741 254 3789 non
282 3723 384 3789 solum
411 3742 452 3788 ex
479 3723 603 3806 scriptis
626 3739 733 3787 rerum
755 3722 914 3804 gestarum
935 3721 1092 3804 hausisse,
1122 3722 1177 3786 sed
1204 3723 1296 3787 etiam

278 3971 299 4039 ¹)
317 3969 360 4026 Oi.
378 3967 585 4025 Jahresberlcht
603 3965 671 4022 iiber
688 3965 732 4022 dle
751 3964 934 4022 Fortschritte
956 3965 1006 4022 dar
1027 3966 1111 4023 lrlaac.
1130 3965 1296 4022 Altertnme·

191 4055 695 4114 uboenschaitvonBursian-Mdller.
718 4054 823 4111 60.Bd.
847 4055 944 4128 Jahrg.
956 4055 1033 4113 1889.
1059 4057 1084 4112 3.
1094 4054 1188 4126 abug.
1199 4071 1243 4129 pg.
1253 4056 1295 4113 60.
