3046 4476
695 213 737 275 39

161 408 304 470 auctores
335 410 408 470 ente
435 405 622 471 Frontinum
652 405 799 472 florentes
821 407 906 470 haud
931 426 1000 472 roro
1027 407 1268 486 invenienturll,

160 511 229 576 fieri
252 530 315 575 non
337 516 445 597 potest,
468 519 504 576 ut
525 512 605 578 liber
627 511 691 595 IV,
714 513 747 576 in
770 532 832 598 quo
855 513 963 578 eedem
987 531 1067 597 quae
1085 512 1153 576 dixi
1173 512 1269 578 verbe

159 617 322 702 leguntur,
353 617 546 703 temporibus
576 618 704 702 Apulcii
736 619 787 683 vel
817 618 1039 703 posterioribus
1070 618 1267 684 attribuatur.

161 723 245 800 Quin
269 726 363 789 etiam
387 725 457 789 eliis
480 724 644 790 decausis
667 743 708 789 ex
723 743 815 810 opere
838 727 906 810 ipso
923 726 1029 810 petitis
1046 725 1141 789 libros
1158 723 1268 788 I-Ill

160 834 192 894 et
214 829 281 895 libr.
303 829 359 895 IV.
383 830 492 896 eodem
520 831 583 896 fere
609 835 748 915 tempore
775 832 963 916 conscriptos
990 849 1057 896 esse
1083 831 1267 895 concludere

159 954 286 1002 necesse
314 941 367 1002 est
417 936 528 1021 Itaque
555 936 800 1002 Gundermeuno
826 936 1061 1021 relinquebatur
1086 937 1179 1018 nihil,
1205 938 1267 1001 nisi

160 1048 196 1107 nt
226 1041 343 1107 librum
371 1043 426 1127 qui
457 1043 556 1108 fertur
583 1048 731 1127 quartum
758 1045 798 1108 ad
825 1062 898 1109 eum
929 1045 1110 1129 scriptorem
1141 1044 1268 1108 referret

160 1150 216 1234 qni
246 1148 370 1232 vulgari
407 1149 543 1213 sermoni
578 1148 766 1214 indulsisset.
808 1148 910 1226 Quem
940 1169 1035 1214 usum
1066 1171 1086 1214 o
1116 1149 1266 1214 Frontino

160 1256 296 1320 alienum
320 1273 387 1320 esse
411 1253 675 1319 Gundermannus
698 1255 866 1337 contendit,
889 1275 963 1320 oum
984 1257 1018 1319 in
1040 1255 1130 1320 libris
1147 1255 1265 1320 1-111.

159 1361 303 1444 exempla
333 1379 396 1424 non
426 1365 598 1443 exstarent,
629 1363 663 1424 in
695 1361 812 1445 quibus
838 1364 1057 1428 coniunctivns
1082 1363 1265 1447 plusquam·

158 1467 283 1552 perieoti
305 1472 428 1552 praeter
449 1467 708 1533 consuetudinem
726 1488 782 1553 pro
796 1469 973 1554 imperfecto
990 1474 1165 1553 poneretru.
1204 1469 1265 1533 Sed

159 1574 233 1638 talia
259 1573 403 1659 exempla
434 1574 469 1638 in
499 1572 587 1638 libris
619 1573 737 1639 Ι-ΙΠ
767 1595 832 1640 non
863 1595 990 1660 prorsus
1022 1575 1141 1641 desunt.
1187 1575 1266 1639 Mihi

160 1679 288 1764 quidem
311 1679 479 1744 discrimen
502 1698 564 1743 non
588 1697 657 1747 esse
680 1680 804 1745 videtur
829 1683 911 1747 inter
936 1682 1079 1766 exemplo
1101 1682 1188 1746 velut
1209 1682 1264 1745 IV.

160 1793 189 1866 5,
212 1790 230 1850 7
256 1791 287 1850 et
308 1785 348 1850 Π.
373 1793 406 1868 8,
431 1791 485 1866 11,
507 1785 563 1849 nbi
585 1786 732 1870 legimus:
760 1787 954 1871 adfirmans,
983 1809 1088 1855 secono
1117 1792 1148 1853 et
1173 1786 1265 1854 bonis

159 1891 280 1959 einins
316 1892 524 1961 dimicaturos
561 1915 639 1975 esse,
677 1893 745 1961 nisi
775 1885 853 1961 ¹cnm
888 1893 1030 1962 hostibus
1063 1893 1262 1961 maluissent.

158 1998 266 2081 Atque
289 2000 382 2063 etiem
404 2018 549 2084 compare
571 2004 623 2065 etr.
639 1998 663 2063 I.
683 2005 710 2082 1,
733 2006 747 2064 1
773 2000 902 2084 scripsit
921 2001 1032 2083 iteqne
1054 1999 1202 2085 sinpniis,
1227 2005 1265 2066 nt

158 2104 327 2170 diruerent
348 2105 561 2188 retenimento,
584 2106 731 2174 mincius
744 2105 861 2173 bellem
878 2107 947 2173 nisi
967 2104 1134 2191 enesestini
1155 2105 1264 2172 oblen-

154 2215 333 2293 peressent.
379 2209 467 2287 Quae
489 2231 562 2277 cum
586 2214 629 2276 ite
651 2213 730 2294 sint,
755 2212 816 2276 hoo
841 2231 904 2277 usu
931 2212 1056 2278 dicendi
1077 2211 1263 2276 Frontinum

158 2314 197 2378 ab
220 2320 345 2382 auctore
363 2317 435 2382 libri
458 2320 562 2403 quarti
584 2318 706 2384 differre
729 2318 874 2384 contendi
897 2318 1064 2386 nonlicet
1235 2325 1240 2332 '

533 2548 598 2630 1v.
633 2547 691 2629 De
716 2547 894 2631 ensibus.

514 2706 544 2773 1.
572 2707 628 2774 lle
655 2708 906 2777 accusativo.

246 2847 284 2912 In
311 2848 492 2914 universum
518 2846 684 2914 Frontinus
711 2850 796 2914 hune
822 2867 928 2914 casum
957 2852 1163 2934 congruenter
1189 2868 1261 2913 cum

157 2950 248 3016 honis
274 2953 477 3037 scriptoribus
505 2955 655 3035 adhibuit,
686 2954 767 3020 liber
798 2961 929 3039 quartus
956 2959 1194 3038 strategemeton
1222 2952 1261 3019 ab

157 3058 226 3123 eliis
249 3058 459 3126 Frontinianis
482 3063 604 3146 scriptis
627 3063 659 3126 in
685 3081 744 3126 usn
767 3063 836 3126 eius
858 3063 913 3125 vix
936 3059 1075 3126 discedit

246 3162 274 3229 1.
297 3165 439 3232 Primum
458 3186 674 3249 commemoro,
691 3166 874 3232 Frontinum
893 3169 975 3232 sicut
993 3166 1154 3232 Censorem
1162 3169 1186 3248 ²)
1205 3187 1261 3252 pro

157 3273 334 3338 accusativo
376 3273 480 3340 verbis
517 3275 689 3340 transitivis
726 3273 892 3338 subiunoto
934 3271 1093 3338 interdum
1132 3293 1260 3358 proepo-

156 3379 302 3443 sitionem
326 3380 364 3446 de
388 3399 560 3464 usurpasse.
606 3378 679 3445 Duo
702 3379 846 3464 exempla
863 3380 983 3444 inveni:
1008 3377 1200 3462 strat.ll.5‚
1221 3386 1260 3445 16

156 3485 195 3552 de
217 3486 358 3553 adventu
377 3533 384 3552 .
403 3535 410 3550 .
429 3534 436 3552 .
453 3485 653 3572 sipnifirem
674 3486 729 3550 IV.
746 3491 775 3569 7,
794 3492 831 3551 15
857 3487 895 3552 de
917 3485 1051 3554 victorie
1073 3489 1209 3553 nostro.
1227 3535 1233 3550 .
1252 3533 1259 3552 .

155 3590 321 3658 nerntient.

245 3767 265 3836 ¹)
285 3764 327 3821 cf.
340 3765 467 3838 exemplo
478 3783 549 3838 quae
560 3768 639 3824 effert
651 3767 803 3824 Gunderm.
817 3785 852 3822 ex
865 3765 976 3836 Fothio,
994 3767 1043 3822 Die
1054 3763 1261 3838 Versohiebung

155 3852 248 3909 lnteln.
260 3853 396 3926 Tempore
414 3856 444 3909 in
461 3855 515 3911 den
533 3873 636 3912 remen.
650 3855 798 3929 Spruchen.
829 3855 944 3910 Romen.
958 3853 1082 3918 Studien,
1102 3853 1260 3926 herensgeg.

156 3957 182 3997 v.
200 3941 233 3998 E.
252 3941 393 4011 Boehmer,
411 3942 462 3999 Bd.
481 3943 512 3998 11
531 3945 622 4014 (1877)
640 3962 685 4016 pg.
704 3945 764 4002 311.

245 4030 265 4100 ’)
284 4030 325 4088 of.
344 4030 457 4088 Fischer
474 4031 536 4088 ‘Die
554 4031 759 4090 Restionslehre
776 4031 820 4088 bei
840 4032 941 4088 Gessr’.
979 4031 1063 4088 Helle
1083 4030 1206 4103 lebino.
