3046 4476
778 220 797 284 6

234 417 361 482 illorum
382 417 521 480 virorum
544 416 728 481 sententiam
750 415 892 482 firmavit
938 415 1031 482 Nune
1053 420 1157 482 autern
1180 417 1334 501 quaestio·

234 523 341 606 nibuS,
379 542 459 607 quas
495 523 698 587 instituerunt
728 521 801 587 Em.
825 522 927 587 Fritze
935 521 959 608 1)
990 527 1022 588 et
1052 522 1087 588 P.
1110 523 1334 606 Esternaw),

234 629 370 694 dilucide
411 629 656 693 demonstratum
692 632 752 710 est,
788 633 844 693 aut
878 647 916 693 ca
951 648 1032 714 quae
1068 629 1335 712 Waehsmuthius,

234 735 443 817 Woelfflinm,
466 733 728 799 Gundermannus
751 735 896 818 quamvis
924 739 1013 800 acute
1040 735 1335 817 animadverterunt,

234 845 339 906 tamen
365 859 479 924 magna
505 859 545 904 ex
571 845 658 923 parte
684 858 752 905 esse
778 841 876 905 dubia
902 846 957 906 aut
986 841 1199 906 conclusiones
1226 860 1335 906 eorum

234 951 333 1032 magis
356 947 536 1012 artificiosas
558 965 626 1012 esse
648 966 744 1031 quam
766 951 803 1011 ιιι
829 946 944 1013 librum
972 953 1117 1032 quartum
1145 969 1164 1012 a
1185 946 1334 1012 Frontino

234 1054 412 1118 abiudicare
425 1072 613 1146 cogeremur,
639 1052 759 1118 Causae
772 1073 851 1137 quas
859 1053 1334 1137 Wachsmuthius,WoelfflinuS,

235 1160 497 1250 Gundermannus
506 1159 546 1237 ad
555 1159 816 1244 comprobandam
827 1161 1013 1225 sententiam
1026 1179 1117 1226 suana
1129 1161 1334 1244 protulemnt,

235 1265 377 1356 spectant
388 1267 524 1352 primum
539 1264 579 1329 ad
593 1284 660 1330 rem
674 1269 913 1350 stratagematon
929 1265 1018 1332 libris
1032 1271 1204 1358 tractatam,
1223 1265 1334 1333 deiude

234 1372 274 1438 ad
297 1371 480 1460 disponendi
501 1373 667 1454 rationem,
695 1391 758 1456 qua
780 1369 949 1462 Frontinus
977 1375 1008 1464 et
1035 1373 1146 1462 quarti
1160 1373 1215 1458 qui
1236 1372 1335 1438 fertur

234 1478 305 1543 libri
327 1479 511 1567 scriptor'in
534 1477 723 1542 collocandis
746 1478 897 1562 exemplis
915 1479 965 1550 usi
987 1479 1063 1560 sint,
1085 1483 1155 1542 tum
1172 1479 1217 1544 ad,
1234 1478 1335 1544 fontes

234 1585 320 1653 unde
333 1589 466 1669 uterque
480 1584 626 1670 hauserit,
644 1588 834 1668 postremum
847 1583 890 1648 ‘ad
910 1583 1059 1669 loquendi
1077 1585 1335 1666 consuetudinem

235 1673 369 1772 duorum
391 1691 452 1784 qui
470 1689 617 1755 dicuntur
643 1691 838 1774 scriptorum.
881 1689 969 1776 Haec
996 1695 1142 1775 quattuor
1169 1711 1334 1758 causarum

233 1815 347 1889 genera
368 1797 402 1860 in
424 1797 609 1861 universum
631 1816 651 1860 a
671 1795 792 1861 Fritzeo
814 1799 846 1860 et
867 1773 1075 1862 Esternauxio
1098 1798 1246 1863 refutata
1252 1802 1334 1864 sunt.

234 1903 300 1970 Sed
317 1922 390 1966 oum
413 1903 610 1986 quaestiones
633 1902 707 1966 de
698 1904 749 1966 ιιι
765 1903 869 1967 causis
896 1922 978 1988 quae
1005 1903 1044 1968 ad
1071 1907 1233 1996 materiem
1257 1910 1334 1970 stra·

234 1989 408 2100 tegematon
425 2008 513 2074 libris
530 2012 689 2074 tractatam
708 2013 741 2072 et
727 2008 800 2072 tad
818 2007 1001 2092 disponendi
1016 2010 1168 2094 rationem
1186 2015 1335 2095 spectant,

234 2115 385 2202 adfinem
402 2113 569 2198 perductae
586 2113 770 2208 videantur,
782 2133 880 2180 novas
899 2114 1097 2198 quaestiones
1119 2120 1151 2182 et
1172 2117 1220 2186 ad
1233 2118 1333 2182 fontes

235 2223 291 2306 qui
322 2199 452 2286 adhibiti
479 2223 610 2299 suntet
636 2220 676 2285 ad
703 2203 828 2285 dicendi
856 2220 1114 2287 consuetudinem
1144 2205 1334 2314 pertinentes

234 2328 336 2393 denuo
367 2328 529 2392 instituere
556 2346 820 2411 supervacaneum
851 2347 917 2392 non
944 2345 1012 2394 esse
1043 2330 1198 2394 existimo
1252 2329 1334 2394 Nam

234 2436 291 2502 etsi
322 2433 463 2502 Fritzcus
503 2439 535 2499 et
564 2432 795 2499 Esternauxius
832 2452 869 2499 ea
904 2411 1088 2518 argumento
1124 2455 1164 2500 ex
1195 2436 1248 2499 fon
1250 2435 1334 2500 tibus

235 2539 379 2606 adhibitis
398 2545 484 2604 etex
502 2540 727 2604 consuetudine
745 2539 867 2604 dicendi
884 2543 988 2634 petita,
1011 2559 1092 2625 quae
1114 2540 1335 2626 aWoelftlino,

234 2629 511 2710 Wachsmuthio'
502 2665 536 2709 an
568 2645 706 2710 medium
736 2646 856 2730 prolata
887 2649 974 2729 sunt,
1005 2647 1144 2712 maxima
1175 2667 1220 2712 ex
1247 2654 1335 2732 parte

233 2753 461 2835 refutaverunt,
469 2757 574 2817 tamen
589 2756 619 2816 et
634 2753 825 2836 quaestione,
848 2771 929 2846 quae
944 2735 983 2817 de
997 2751 1135 2819 fontibus
1151 2755 1335 2820 instituatur

234 2861 287 2940 ita,
308 2841 348 2922 ut
363 2841 494 2922 Melberi
515 2839 653 2942 quaestio
677 2857 716 2950 de
734 2857 892 2952 Polyaeno
914 2859 1005 2923 instit
1008 2863 1060 2924 uta
1082 2860 1123 2924 ed
1145 2860 1334 2944 imitandum

233 2966 465 3060 proponeturil,
491 2947 522 3029 et
548 2945 817 3058 commentatione,
850 2984 913 3050 qua
944 2966 977 3030 in
1004 2969 1100 3029 totam
1127 2951 1334 3061 elocutionem

145 3082 148 3088 ’
234 3072 409 3166 inquiratur
441 3089 584 3154 quaeque
614 3088 670 3154 per
701 3072 804 3134 omnia
836 3073 971 3136 auctoris
999 3072 1142 3155 scripta⁴)
1173 3074 1334 3158 pertineat,

235 3182 290 3241 aut
304 3196 403 3242 novae
421 3177 651 3262 discrepantiae,
668 3195 749 3261 quae
762 3178 845 3242 inter
860 3177 957 3272 libros
970 3177 1080 3242 I-Ill
1097 3184 1172 3275 strat
1173 3185 1332 3276 agenneton

234 3365 236 3370 ·
323 3333 345 3404 ¹)
362 3332 404 3390 ot
410 3332 445 3388 de
452 3333 524 3390 Juhl
536 3333 661 3390 Frontini
671 3319 883 3401 stratagematon
895 3334 966 3391 lrbro
974 3333 1027 3391 1v
1032 3334 1098 3391 (lisa
1104 3334 1170 3390 Hal.
1181 3335 1246 3392 sax.
1256 3337 1333 3394 1888.
1339 3345 1344 3360 ·

322 3421 343 3494 ¹)
361 3420 403 3477 (if.
418 3422 472 3479 Dle
485 3421 677 3494 Kompoaition
694 3439 749 3478 von
767 3421 896 3477 antlno
914 3421 1123 3494 strategemata
1151 3422 1244 3480 Berlin
1257 3425 1333 3482 1889.

234 3509 428 3583 (Supplement
444 3511 576 3568 litteraire
592 3510 631 3568 du
648 3516 761 3582 rapport
778 3509 930 3582 historiqne
951 3517 981 3568 at
997 3511 1155 3582 stetistiquo
1171 3511 1211 3568 du
1232 3513 1334 3586 college

233 3598 311 3831 {ml
322 3597 497 3757 ’ξηὲιςῖιειῖιιιι
509 3687 549 3744 Η.
562 3687 720 3754 Ιιιιιιιιιιιιιιι,
740 3689 863 3744 Berliner
873 3686 1008 3761 Philolog.
1018 3687 1238 3748 Woehemehrist
1256 3692 1332 3749 1889.

263 3793 287 3833 ο.
305 3777 332 3844 4,
349 3792 376 3848 p.
396 3777 463 3832 13-
466 3777 508 3834 16.

294 3865 424 3935 ⁴),Non
441 3864 663 3937 respicioFront.
674 3864 735 3922 libr.
748 3865 824 3922 dare
840 3882 935 3938 grem,
953 3881 1072 3938 quorum
1083 3873 1212 3939 excerpta
1223 3821 1331 3926 tantum
1393 3829 1395 3894 t

234 3959 342 4020 serrata
359 3959 425 4010 sunt
443 3953 487 4026 (ot.
506 3953 643 4014 Schriften
660 3952 709 4010 der
726 3958 793 4012 ιὸιιι.
813 3953 984 4012 Feldmesser
1001 3971 1056 4012 uon
1074 3955 1234 4013 Lachmann
1252 3959 1334 4020 uA.
1394 3975 1396 3989 ·

236 4042 258 4100 1.
277 4059 304 4116 p.
324 4042 429 4115 1-58).

1383 4147 1396 4340 ι

1384 4355 1390 4452 ι
