3046 4476
706 177 768 239 109

184 370 253 436 libr.
275 370 341 434 lv:
356 376 385 438 et
407 371 502 455 ipae),
531 391 573 436 ex
595 371 740 436 Frontini
765 373 865 456 ipsius
893 392 985 457 opere
1007 372 1153 458 exempla
1176 373 1293 438 eisdem

177 477 242 543 fere
264 477 369 546 verbis
393 497 541 563 expressa
558 481 591 543 in
611 498 705 543 suum
724 479 913 564 opusculum
930 481 1133 562 transtulerit,
1155 479 1189 542 id
1208 479 1294 564 quod

179 590 337 649 auctorem
364 585 438 650 libri
465 585 520 650 IV.
543 587 571 649 si
599 606 663 650 non
690 585 795 650 studio
823 587 965 670 fallendi,
993 593 1026 652 at
1052 592 1136 652 certe
1162 587 1294 652 stultitia

178 690 305 775 fecisse,
336 694 380 756 ita
411 698 447 757 ut
477 693 616 777 repetitis
648 693 766 758 eisdem
798 694 951 779 exemplis
983 697 1119 779 speciem
1151 692 1293 758 eiusdem

178 800 315 864 auctoris
323 799 494 884 praeberet,
504 799 769 866 Gundermannus
778 801 951 867 crediderat
960 802 1009 885 (ct.
1021 807 1138 887 quaest.
1148 821 1197 886 pg.
1209 801 1293 881 329).

178 906 321 972 Fritzeus
348 913 454 973 autem
481 907 528 988 (cf.
551 908 570 970 l.
594 927 619 972 c.
642 929 692 993 pg.
719 909 770 987 12)
798 915 829 973 et
856 907 1086 974 Esternauxius
1115 909 1162 992 (of.
1185 929 1235 994 pg.
1260 907 1294 992 7)

178 1014 376 1099 praefationis
406 1014 480 1078 libri
510 1014 566 1078 IV.
598 1015 697 1079 verba
727 1020 758 1080 ct
788 1016 869 1100 ipse,
904 1015 1020 1101 quibus
1057 1015 1203 1080 falsarius
1238 1015 1293 1080 ille

178 1142 289 1206 perum
312 1127 404 1186 caute
425 1122 581 1187 indicasse
597 1123 721 1205 dicitur,
744 1142 778 1188 se
799 1142 865 1187 non
888 1123 1024 1188 eundem
1047 1128 1207 1188 auctorem
1225 1141 1294 1188 esse

179 1232 275 1313 atque
297 1230 437 1318 priorum
459 1229 613 1294 librorum
636 1232 827 1314 scriptorem,
850 1233 919 1295 iure
942 1231 1189 1296 emendaverunt
1209 1232 1245 1295 in
1265 1235 1295 1298 ei

178 1335 266 1420 ipsu,
294 1336 439 1420 exempla
465 1343 571 1400 autem
594 1336 667 1401 libr.
692 1336 833 1420 I—III.,
857 1357 939 1422 qnae
961 1339 1081 1404 eisdem
1103 1337 1167 1403 fere
1183 1337 1294 1415 ,verbis

144 1519 148 1526 ,
178 1444 317 1528 repetitis
339 1445 373 1506 in
395 1441 476 1507 libro
500 1442 555 1513 IV.
578 1445 693 1508 iterum
714 1446 877 1529 leguntur,
904 1446 1053 1530 pleraque
1076 1446 1112 1510 in
1133 1445 1213 1509 libro
1236 1444 1293 1512 IV.

178 1567 272 1614 suum
296 1550 400 1615 locum
424 1550 566 1615 obtinent
589 1551 639 1631 (cf.
660 1552 688 1618 h.
709 1571 734 1616 c.
760 1573 808 1636 pg.
831 1549 934 1636 9s10l.
981 1550 1070 1629 Quae
1093 1554 1120 1616 si
1141 1553 1187 1616 ita
1208 1556 1293 1635 sunt,

178 1656 270 1722 facile
292 1657 443 1742 explicari
465 1664 580 1742 potest,
609 1679 672 1743 qua
694 1659 815 1723 ratione
837 1665 868 1724 et
890 1660 963 1724 libri
990 1664 1053 1724 tres
1075 1662 1193 1744 priores
1216 1665 1294 1724 stra

178 1769 355 1850 tegematon
369 1771 401 1830 et
415 1765 496 1830 liber
509 1771 641 1850 quartus
657 1786 698 1832 ex
707 1765 850 1831 Frontini
864 1767 964 1851 ipsius
973 1785 1072 1831 manu
1081 1766 1294 1851 profectisint.

268 1871 438 1938 Frontinus
451 1874 543 1938 initio
559 1873 621 1938 eibi
636 1879 760 1939 tantum
775 1875 947 1959 proposuit,
960 1879 998 1938 ut
1012 1873 1163 1938 ‘sollertia
1175 1874 1294 1940 ducum

178 1981 269 2064 tacta,
299 1999 380 2064 quae
412 2001 431 2044 a
459 1980 585 2046 Graecis
616 1980 891 2070 στρατηγημάτων
919 1982 1128 2066 appellatione
1155 1999 1295 2067 compre-

178 2088 291 2154 hensa'
323 2094 439 2170 essent,
475 2109 538 2153 uno
571 2108 662 2175 opere
695 2089 984 2175 comprehenderet,
1025 2088 1141 2173 quibus
1173 2090 1292 2155 novelli

179 2201 274 2281 atque
296 2197 432 2282 imperiti
455 2197 551 2262 duces
574 2197 614 2261 ad
636 2199 681 2262 rei
705 2198 848 2262 militaris
867 2197 1126 2261 exercitationem
1146 2201 1176 2262 et
1198 2216 1294 2262 usum

179 2309 350 2379 uterentur.
385 2305 494 2369 Totam
517 2310 623 2370 autem
641 2306 802 2369 materiam
826 2307 870 2369 ita
892 2305 927 2368 in
946 2309 1009 2368 tres
1024 2304 1122 2369 libros
1146 2304 1294 2369 diducere

178 2415 213 2476 in
235 2413 340 2477 animo
364 2413 395 2476 ei
417 2417 491 2495 erat,
514 2413 564 2478 ‘ut
585 2412 665 2477 liber
687 2414 808 2496 primus
831 2413 1003 2477 contineret
1025 2411 1183 2497 exempla,
1212 2430 1294 2495 quae

179 2526 390 2606 competerent
411 2521 529 2605 proelio
557 2520 700 2584 nondum
728 2521 908 2602 commisso,
934 2519 1107 2602 secundus,
1140 2537 1222 2603 quae
1253 2519 1293 2583 ad

178 2629 334 2714 proelium
349 2634 380 2694 et
394 2627 567 2692 confectam
585 2629 782 2713 pacationem
796 2629 973 2712 pertineret,
987 2628 1097 2692 tertius
1111 2627 1293 2692 inferendae

178 2737 411 2821 solvendaeque
426 2735 582 2801 obsidioni
597 2735 726 2800 haberet
739 2741 962 2819 strategemata
968 2734 985 2799 '.
1006 2734 1133 2820 ltaque,
1146 2741 1183 2799 ut
1197 2735 1294 2800 Zech·¹

179 2845 317 2910 meisteri
338 2843 443 2908 verbis
466 2849 538 2909 utar
565 2844 616 2929 (ci.
639 2843 658 2907 l.
683 2863 782 2928 apg.
808 2842 899 2926 232),
927 2842 1087 2926 discriptio
1110 2843 1160 2908 vel
1187 2843 1293 2909 dietri-

178 2949 266 3016 butio
290 2952 509 3037 exemplorum
533 2970 657 3032 eorum,
681 2969 762 3034 quae
785 2969 826 3014 ex
850 2968 957 3013 rerum
979 2956 1141 3033 gestarum
1163 2951 1293 3036 scripto·

178 3059 266 3125 ribus
298 3065 509 3143 congesserat,
543 3059 583 3122 ad
616 3059 758 3142 singulas
790 3059 922 3142 speclea,
954 3077 1033 3141 quas
1067 3058 1182 3142 cuique
1213 3057 1295 3122 libro

179 3164 371 3249 attribuerat,
393 3167 519 3251 alligata
542 3173 615 3230 erat.
655 3165 718 3230 Sed
740 3184 814 3229 oum
836 3165 981 3248 exempla
1004 3165 1090 3249 operi
1106 3182 1164 3229 suc
1180 3164 1295 3230 idonea

179 3273 347 3340 Frontinus
363 3273 521 3359 deligeret,
538 3273 638 3337 multa
652 3273 782 3354 invenit,
799 3290 889 3356 quae,
905 3291 978 3336 oum
993 3271 1034 3335 ad
1049 3277 1292 3356 strategematum

179 3381 418 3466 appellationem
434 3382 541 3445 minus
557 3380 789 3464 adaptarentur,
812 3379 868 3444 sed
883 3381 984 3462 magis
1000 3379 1165 3464 strategioa
1180 3389 1293 3462 essent,

178 3489 207 3552 h.
240 3508 265 3553 e.
297 3491 430 3553 virtutes
461 3494 638 3569 narrarent,
675 3505 756 3571 quae
792 3488 826 3550 in
857 3489 1043 3571 imperatore
1075 3491 1106 3552 et
1136 3485 1292 3552 militibus

179 3596 437 3677 desiderarentur,
460 3614 571 3680 parum
597 3600 666 3678 apte
685 3593 787 3658 tribus
805 3591 1064 3679 praecedentibus
1078 3592 1168 3658 libris
1191 3593 1294 3659 subici

178 3703 374 3769 videbantur.
415 3702 504 3768 Haec
527 3702 672 3786 exempla
694 3701 734 3765 ab
757 3702 828 3766 aliis
851 3702 1000 3783 seiuncta,
1023 3720 1104 3785 quae
1127 3701 1166 3765 ad
1190 3721 1292 3766 mores

178 3810 329 3875 militares
356 3809 523 3891 referebat,
554 3809 587 3872 in
616 3827 734 3872 novum
762 3808 904 3873 libellum
931 3807 1064 3891 redegit,
1097 3829 1191 3894 quem
1219 3828 1292 3874 cum

178 3917 281 3982 tribus
309 3922 549 4001 stratagematon
577 3915 667 3980 libris
694 3921 801 3999 postea
823 3915 913 3978 velut
939 3934 1005 3979 rem
1032 3916 1191 3982 residuam
1219 3935 1292 3980 oon-

178 4025 291 4089 iunxit.
329 4022 423 4088 Liber
445 4025 541 4107 igitur
564 4023 619 4108 qui
641 4023 741 4087 fertur
764 4028 895 4107 quartus
913 4027 1154 4106 strategematon
1172 4042 1290 4087 novum
