3046 4476
818 185 861 248 34

733 274 943 284 ——u--n-

286 375 407 440 Zechm.
431 374 473 442 St.
489 375 583 440 Vind.
607 377 666 441 vol.
691 384 718 442 5.
734 398 784 462 pg.
802 383 864 443 238
888 376 1073 445 observavit.
1119 377 1161 442 Oi.
1181 383 1264 444 stret.
1280 378 1304 443 Ι.
1322 384 1350 462 2,
1370 385 1387 444 7

286 484 388 549 decem
409 482 501 549 ouilia
519 481 677 550 Boiorum
703 484 883 566 inuoluere,
913 505 1029 567 eaque
1053 533 1061 550 .
1082 533 1089 549 .
1110 533 1117 550 .
1138 533 1146 550 .
1170 483 1391 566 circumfudit·

284 586 325 651 11.
353 582 387 671 3,
415 593 453 651 21
484 589 573 670 apud
599 587 768 656 Rouauoe
794 590 938 674 quiaque
968 589 1060 656 utilia
1092 590 1272 658 desiderata
1298 597 1391 673 suut·

284 694 339 760 IV.
364 701 393 776 2,
416 701 434 759 8
460 695 713 777 quattuordecim
735 696 827 763 uilia
850 745 858 761 .
884 747 890 762 .
917 745 924 762 .
948 695 1125 764 incolumia
1147 718 1275 764 reuersa
1298 704 1391 780 suut·

286 820 381 881 quem
413 800 452 864 ob
482 803 743 866 constructionem
775 801 814 866 ab
848 802 1018 867 editoribus
1048 809 1131 868 reete
1163 805 1313 887 scriptum
1344 812 1391 868 est

284 906 338 971 IV.
369 913 401 990 2,
430 913 446 973 7
477 913 604 975 cautum
629 907 722 976 utilia
743 908 866 992 proelio
898 913 1049 993 superata
1077 907 1123 992 (H
1149 908 1276 993 praebet
1302 931 1391 995 supe

284 1014 363 1096 rati)
386 1018 473 1080 suut.

372 1119 480 1184 Unum
519 1122 701 1204 exemplum
740 1123 900 1186 mentione
938 1123 1069 1206 dignum
1107 1127 1165 1204 est,
1203 1141 1265 1206 quo
1303 1123 1388 1186 notio

284 1227 445 1292 collective
471 1227 625 1311 singulari
656 1234 806 1312 usurpate
837 1227 876 1291 ed
908 1247 1016 1292 vocem
1048 1230 1082 1292 in
1113 1229 1225 1313 plurali
1256 1230 1387 1313 positam

283 1333 402 1398 adiecta
424 1337 483 1398 est:
508 1340 560 1398 str.
584 1332 623 1398 ΙΙ.
648 1340 677 1416 3,
703 1339 718 1398 1
746 1333 899 1418 Hirpaui,
923 1334 1073 1402 robustus
1094 1335 1192 1403 miles.

371 1435 400 1503 2.
423 1438 565 1504 Verbum
587 1439 766 1524 praedicati,
787 1439 844 1504 nbi
866 1441 1041 1526 complures
1067 1448 1170 1525 partes
1197 1441 1388 1506 subiectivae
1502 1491 1503 1500 t

283 1550 314 1610 in
339 1547 500 1610 enuntiato
522 1551 654 1624 exstent,
677 1565 750 1610 cum
773 1551 912 1611 extreme
930 1549 1021 1632 'parte
1047 1547 1221 1612 subiective
1246 1550 1390 1632 congruit
1502 1543 1503 1552 ’

283 1655 331 1729 (ci.
356 1650 466 1736 Draeg.
485 1651 508 1716 I.
525 1672 573 1737 pg.
592 1654 666 1733 177)
689 1671 753 1716 uno
776 1653 858 1717 loco}
883 1653 922 1717 de
940 1673 1012 1737 equ.
1032 1659 1139 1736 33,19
1164 1654 1279 1737 quibus
1296 1676 1389 1722 uuuc

219 1798 242 1826 r
281 1759 391 1844 plures
418 1780 523 1842 aquae
549 1764 580 1826 et
605 1758 757 1842 lupriuis
784 1758 912 1827 Marcia
943 1761 1070 1827 reddita
1093 1809 1101 1826 .
1126 1810 1133 1826 .
1157 1809 1165 1826 .
1186 1761 1385 1843 perducitur.

370 1861 400 1928 3.
415 1864 572 1930 Pluralem
589 1884 758 1930 numerum
778 1883 798 1929 a
814 1866 975 1950 particulis
993 1866 1192 1930 disiunctivis
1206 1887 1262 1934 seu
1277 1889 1388 1934 -seu

283 1973 470 2057 pendentem
496 1972 597 2036 lacere
625 1971 810 2036 Frontinum
837 1991 901 2036 uno
932 1973 1016 2054 loco,
1047 1973 1110 2036 iam
1138 1971 1212 2036 dicit
1238 1970 1388 2058 Dreeg.I

146 2149 149 2154 ,
283 2101 330 2164 pg.
357 2085 428 2145 178.
474 2077 520 2144 Oi.
543 2078 581 2142 de
604 2098 675 2161 aqu.
701 2084 733 2161 1,
757 2083 776 2142 2
800 2098 845 2162 sq.
872 2100 943 2146 curu
967 2126 974 2143 .
999 2128 1006 2143 .
1031 2127 1038 2143 .
1067 2099 1115 2145 ue
1141 2099 1197 2146 seu
1224 2079 1388 2146 uaturalis

283 2186 459 2252 sollicitudo
482 2206 538 2252 seu
552 2184 638 2268 fides
661 2185 773 2252 sedula
788 2235 794 2248 .
811 2237 818 2252 .
836 2234 843 2250 .
862 2185 1027 2272 iustipeat.
1073 2184 1193 2249 Eodem
1219 2184 1286 2249 loeo
1313 2185 1387 2248 dicit

283 2292 392 2376 Dreeg.
415 2311 581 2356 numerum
603 2291 755 2375 pluralem
773 2312 793 2356 e
810 2293 971 2375 particulis
995 2296 1060 2360 taur
1076 2329 1117 2338 -
1134 2312 1232 2375 quau
1253 2291 1386 2376 pendere
1502 2353 1503 2400 t

283 2401 321 2464 de
344 2420 415 2483 equ.
439 2403 490 2481 49,
515 2397 580 2484 2ί3,
602 2396 658 2460 ubi
680 2397 774 2462 editio
796 2399 941 2483 princeps
962 2397 1129 2462 exhibebat
1152 2401 1216 2464 taur
1239 2420 1291 2464 res
1307 2397 1387 2482 pul

283 2506 344 2573 lua
377 2527 473 2588 quau
503 2506 636 2588 priuata
674 2503 827 2571 habereut
863 2504 882 2586 (
878 2503 1008 2588 plublice
1045 2524 1143 2587 qroaru
1175 2503 1309 2588 priuata
1326 2503 1384 2588 ‚ct

282 2612 454 2677 Buecheler
476 2617 581 2674 autem
604 2611 684 2674 hanc
710 2610 873 2674 lectionem
900 2611 1033 2674 mutavit
1059 2611 1090 2672 in
1119 2609 1294 2694 respublica
1317 2610 1386 2694 poi-

210 2753 244 2786 κ,
283 2719 411 2802 vatique
424 2717 585 2795 habereut,
609 2717 663 2780 sed
682 2716 812 2780 fortasse
829 2717 943 2782 melius
962 2715 1108 2782 scribitur
1126 2737 1191 2800 qua
1210 2716 1386 2802 respublica

283 2847 348 2909 qua
366 2824 489 2911 privati
512 2823 673 2891 habereut.

606 3071 652 3152 11.
688 3070 744 3151 De
772 3070 903 3170 ellipsl
928 3068 1060 3151 verbi.

370 3249 447 3314 (lum
480 3247 650 3312 Frontinus
682 3247 833 3311 brevitate
864 3247 998 3330 quedem
1031 3247 1213 3311 elocutionis
1245 3249 1383 3330 excellet,

282 3377 345 3422 non
368 3358 484 3420 mirum
508 3359 597 3434 esset,
619 3357 646 3418 si
668 3354 790 3437 ellipsos
812 3353 929 3418 multoe
951 3355 984 3416 in
1003 3354 1071 3416 eius
1089 3355 1211 3437 scriptis
1229 3355 1383 3419 invenire·

282 3483 361 3528 mus.
406 3461 467 3526 Sed
494 3465 624 3544 excepto
652 3459 746 3523 verbo
774 3459 968 3523 substantivo
994 3459 1055 3524 elia
1082 3459 1177 3524 verbe
1202 3479 1265 3524 non
1293 3480 1383 3548 saepe
1502 3460 1503 3536 l

282 3571 474 3634 omittuntur.
521 3565 564 3632 ef.

370 3673 398 3738 1.
422 3675 460 3738 de
483 3693 553 3757 aqu.
578 3680 607 3756 8,
633 3677 673 3738 14
696 3694 734 3739 aa
756 3694 791 3739 eo
813 3671 891 3756 (scil.
914 3672 1044 3740 dulcitur
1066 3673 1116 3736 vel
1138 3673 1256 3755 oeuil);
1286 3678 1339 3756 12,
1362 3681 1380 3739 8
1502 3647 1503 3656 ¹

281 3785 358 3851 cleiu
383 3781 509 3850 Marcia
533 3781 610 3866 (scil.
633 3780 780 3863 sequitur
802 3799 873 3842 nam
898 3784 943 3845 est
964 3779 1022 3842 hoc
1044 3778 1111 3842 loco
1138 3797 1200 3842 non
1224 3778 1380 3864 quadrat);
1502 3775 1503 3778 ’

283 3896 334 3973 42,
358 3896 397 3954 25
422 3910 521 3972 priam
547 3909 586 3952 ea
613 3907 675 3969 auo
702 3883 780 3965 (scil.
808 3907 877 3952 eam
904 3887 978 3952 eluci
1004 3889 1156 3969 oportere,
1186 3904 1265 3970 quae
1288 3885 1383 3950 verbe

282 3997 455 4083 supplenda
482 4001 556 4061 sunt
583 4013 623 4059 ex
650 3995 803 4060 sententia
829 3994 973 4078 negative
1000 3992 1217 4078 subsequenti)
1245 3991 1382 4075 epistula
