3046 4476
753 155 817 218 104

310 349 341 416 4.
364 350 456 428 Quod
479 353 589 416 attinet
611 352 650 416 ad
679 351 907 416 condicionalis
933 352 1109 434 enuntiate,
1136 351 1289 435 particula
1312 351 1342 417 si

221 460 308 524 vices
338 459 513 544 particulae
544 459 604 526 etsi
639 457 760 524 obtinet
797 459 836 524 de
874 478 945 543 aqu.
987 464 1014 541 1,
1054 463 1096 523 14
1133 477 1275 542 annam
1312 457 1342 524 si

222 566 423 634 necessariae
440 570 554 650 partes
576 571 665 648 sant,
691 570 800 634 noan
820 616 827 631 .
848 615 882 632 ..
1085 646 1086 650 ¹

310 673 517 758 Partioipium
554 673 654 738 futuri
686 674 782 738 activi
821 693 894 738 oum
930 673 1094 738 enuntiato
1132 673 1342 738 condicionali

150 779 183 823 s
222 782 427 846 coniunctum
465 784 524 845 est:
564 780 604 845 de
642 800 713 864 aqu.
755 785 809 862 11,
851 785 892 844 25
925 779 1014 846 Anio
1052 784 1152 863 oetas,
1192 779 1342 846 similiter

222 887 420 972 snffeatnrns
443 887 540 954 etiam
563 885 734 954 altioribus
756 887 833 954 loeis
855 884 958 968 nabis,
982 885 1012 952 si
1034 935 1041 952 .
1062 936 1070 952 .
1091 935 1098 952 .
1120 937 1128 952 .
1148 887 1342 974 miseratum

222 1000 274 1062 str.
297 995 322 1060 I.
350 1001 376 1078 l,
400 1001 418 1060 9
444 995 662 1063 detractatnro
680 1015 839 1082 pnpnan,
864 993 893 1060 si
915 993 1131 1062 intellexisset.

310 1101 399 1168 Haec
421 1103 611 1168 constructio
633 1101 708 1166 inde
731 1122 749 1166 a
767 1100 857 1167 Livio
881 1100 965 1186 apud
984 1103 1151 1186 scriptores
1173 1107 1341 1187 argenteae

223 1209 333 1274 aetatis
355 1210 520 1274 invenitur
542 1209 594 1294 (of.
618 1207 730 1294 Draeg.
753 1207 794 1273 IL
817 1228 867 1293 pg.
891 1209 975 1290 754).
1078 1285 1081 1291 ¹

312 1313 342 1380 li.
369 1315 577 1400 Qnamqnaan
609 1317 789 1382 coniunctio
821 1316 901 1400 regit
938 1316 1177 1381 coniunctirum
1214 1320 1267 1382 str.
1298 1314 1341 1383 IL

224 1429 253 1507 7,
279 1430 320 1489 14
345 1445 543 1507 qnanqnanr
565 1423 653 1490 nibil
675 1445 781 1490 secan
799 1423 960 1508 pasnadii
983 1423 1120 1491 haberet.

500 1885 501 1888 Ν
604 1759 667 1859 lle
698 1759 963 1882 participio.

312 1955 341 2023 1.
369 1958 476 2024 Primo
506 1959 575 2024 loeo
603 1959 762 2024 mentione
790 1958 923 2044 dignum
945 1962 1005 2040 est,
1032 1963 1064 2022 et
1094 1958 1128 2022 in
1155 1957 1225 2024 libr.
1254 1963 1342 2026 strat.

223 2065 342 2134 I-Ill.
366 2070 397 2131 et
418 2067 453 2130 in
482 2064 552 2133 libr.
574 2065 630 2130 IV.
654 2065 835 2151 saepissime
861 2066 908 2130 ‘in
936 2065 1090 2150 exemplis
1117 2065 1342 2149 componendis

222 2175 386 2259 participia
399 2172 542 2240 adhiberi
558 2174 626 2239 sive
639 2159 801 2258 particulis
817 2173 1004 2259 copulativis
1019 2174 1102 2242 inter
1116 2191 1150 2238 se
1166 2174 1343 2255 coniuncta,

223 2281 291 2345 sive
323 2281 478 2366 particulo
505 2300 568 2345 uon
596 2281 699 2366 posita
727 2280 790 2344 alia
817 2279 887 2344 aliis
915 2279 1079 2345 subiecta'.
1125 2277 1218 2356 Quod
1246 2300 1344 2364 quam

223 2407 315 2472 saepe
342 2386 410 2469 fiat,
442 2392 571 2473 apparet
598 2406 640 2452 ex
667 2387 708 2452 iis
734 2386 825 2470 locis,
858 2405 939 2471 quos
966 2386 1106 2452 Fritaeus
1133 2386 1152 2451 l.
1176 2407 1202 2456 o.
1224 2407 1273 2473 pg.
1298 2391 1340 2454 25

223 2499 254 2560 et
263 2499 304 2558 26
323 2494 489 2578 diligenter
502 2495 695 2580 conscripsit,
712 2499 747 2559 ut
761 2499 960 2577 concentum,
976 2495 1031 2580 qui
1045 2495 1128 2560 inter
1142 2493 1211 2560 libr.
1221 2493 1341 2559 I-IIL

223 2607 254 2667 et
275 2601 345 2668 libr.
369 2601 425 2669 lV.
449 2607 540 2682 esset,
564 2602 799 2669 demonstraret
844 2600 1000 2688 Exempla
1021 2602 1078 2669 illa
1099 2607 1240 2687 repetere
1261 2595 1343 2667 mihi

222 2709 327 2792 liceat,
358 2713 395 2774 ut
425 2711 589 2774 materiam
617 2709 873 2776 commentationi
900 2728 989 2776 meae
1018 2715 1122 2795 aptam
1149 2725 1245 2794 quam
1272 2729 1342 2795 per·

222 2816 426 2882 lectissimam
449 2836 625 2900 congeram.
671 2815 713 2881 Oi

312 2922 403 2988 Strat.
427 2924 451 2988 I.
478 2930 506 3004 1,
532 2929 568 2988 17
595 2923 815 3006 Mithridates,
840 2922 1340 3010 eirossmnatlnntePonpeio,

222 3031 337 3119 fnparn
359 3031 399 3099 in
416 3030 603 3116 proximans
626 3031 711 3098 dien
732 3030 909 3113 moliens,
934 3031 1037 3099 lanias
1058 3030 1187 3098 consilii
1216 3030 1343 3100 obson-

223 3138 343 3207 randi
369 3159 469 3206 cansa
501 3138 601 3206 latins
628 3144 658 3206 et
685 3139 859 3222 nequead
891 3137 1101 3224 adplicitas
1130 3138 1214 3206 besti
1244 3139 1343 3206 solbs

218 3245 447 3331 paintatns,
481 3245 654 3329 conloquia
682 3267 809 3329 quoqne
836 3267 908 3314 enno
930 3245 1083 3331 pluribus
1109 3247 1343 3314 avertendae

223 3351 417 3437 suspicionis
432 3373 531 3420 cansa
550 3352 588 3419 in
599 3357 767 3436 posternas
785 3352 961 3420 constitnit.
999 3351 1149 3418 Similiter
1166 3353 1190 3420 L
1210 3352 1252 3438 [1,
1274 3351 1340 3438 11],

224 3468 253 3543 a,
280 3466 335 3540 12,
362 3467 390 3544 a,
415 3466 448 3541 2,
475 3467 503 3542 s,
530 3467 584 3540 113
612 3466 661 3542 10,
686 3466 719 3540 2,
746 3465 796 3543 12,
822 3467 837 3524 1
863 3465 894 3524 st
917 3467 946 3525 a.

312 3565 403 3634 Strat.
419 3566 459 3633 Π.
479 3573 508 3649 4,
532 3574 550 3632 5
579 3565 611 3634 O.
631 3565 796 3650 Snlpieins
811 3565 944 3634 Patiens
966 3566 1078 3635 conani
1099 3572 1214 3636 eontra
1232 3565 1343 3636 Gallos

225 3674 489 3742 dimiontnrns
502 3675 616 3742 inssit.
630 3674 809 3741 .snnliones
819 3724 846 3740 ..
863 3674 950 3742 abire
965 3680 996 3742 et
1009 3675 1155 3742 indidem
1170 3678 1342 3742 conserto

223 3782 291 3849 iarn
303 3782 430 3866 praetio
447 3783 534 3848 oelnt
551 3782 643 3866 eqnis
664 3782 884 3848 insidentes
900 3786 1060 3850 ostentare
1075 3804 1107 3849 se
1124 3781 1342 3868 papnunti-

225 3888 306 3954 bns:
316 3910 418 3973 qnare
428 3887 516 3957 Galli
526 3889 782 3956 existimantes
790 3891 968 3957 adventare
979 3939 986 3955 .
998 3939 1006 3955 .
1019 3910 1154 3956 messere
1163 3889 1343 3973 iampaene

224 3996 397 4062 viatores.
426 3995 579 4062 Similiter
592 3995 695 4061 stall.
708 4002 736 4076 2,
750 4002 803 4076 123
821 4000 1081 4079 5,5.12.19.24;
1100 4002 1149 4079 11,
1160 4001 1189 4080 3,
1200 4002 1234 4078 43
1253 4001 1302 4080 13,
1312 4001 1342 4062 3.
