3046 4476
612 195 613 200 ’
701 182 761 246 107

173 376 353 465 facientem
358 399 370 461 ;
400 376 457 443 III.
488 385 521 460 6,
551 385 566 444 1
597 383 763 461 aamercort
791 380 995 463 direptarae;
1023 383 1189 463 tamquam
1214 429 1221 446 .
1248 429 1287 445 ..

174 486 412 568 decertaturae;
434 484 489 550 IV.
514 491 542 563 7,
567 491 607 551 33
633 491 798 570 tamquam
821 491 1081 574 consumentem

104 668 107 673 Δ
262 592 361 659 vetut:
390 597 442 657 str.
465 591 507 659 ΙΙ.
531 600 561 672 5,
588 599 625 659 19
650 594 738 661 cetat
755 595 799 664 aa
817 595 977 679 praedam
998 593 1209 679 festinantee;
1232 594 1288 660 IIL

175 707 204 782 8,
229 704 247 765 2
271 700 358 766 octat
380 700 546 769 aetenam
568 701 780 784 aenianica

263 807 375 890 qauee':
398 812 449 871 str.
473 807 497 872 1.
523 813 551 890 8,
577 813 617 872 12
641 808 738 892 qaaec‘
757 858 764 874 .
786 812 1038 894 aequaturum

263 913 426 996 quamuis:
451 914 490 979 de
513 935 583 999 aqu.
608 921 660 996 34,
684 919 726 980 24
749 915 899 1000 quamvis
919 965 926 979 .
947 965 954 980 .
976 965 983 980 .
1003 913 1160 998 defluere.
1283 938 1285 944 ¹
1337 932 1358 954 “

263 1021 300 1086 In
330 1020 410 1086 libro
437 1019 485 1085 IV
486 1071 493 1086 .
524 1023 725 1108 participium
755 1023 855 1086 futuri
886 1023 946 1087 hoe
976 1022 1070 1087 modo
1101 1043 1166 1088 non
1198 1043 1290 1090 usur·

174 1133 284 1214 petum
305 1135 361 1194 est.

264 1234 436 1321 Pertieipie
458 1256 586 1322 quoque
609 1237 754 1302 absoluta
772 1236 1048 1302 ooniunetiouibue
1071 1238 1213 1323 praedita
1235 1257 1290 1303 ex·
1315 1258 1339 1282 r

175 1348 266 1426 stent
289 1343 326 1410 of.
343 1343 382 1408 de
405 1364 477 1428 aqu.
495 1349 546 1425 29,
570 1347 611 1410 20
637 1345 786 1428 quamuis
807 1349 933 1412 arietata
956 1365 1062 1429 aqua·
1087 1351 1170 1428 19,2
1195 1346 1291 1430 quaa

175 1450 356 1535 respirante
372 1451 524 1518 ¹rivorum
547 1473 663 1536 carea;
686 1457 739 1517 etr.
761 1451 785 1517 l
813 1458 862 1536 11,
886 1457 906 1516 4
930 1457 1096 1537 tamquam
1119 1454 1176 1519 deo
1198 1469 1291 1539 epau·

175 1559 269 1626 dente
292 1558 469 1626 uictoriam.

626 1701 838 1714 n--u——d-t--o-—m-

551 1895 614 1994 De
646 1893 913 2018 gerundivo.

264 2093 335 2159 Hoc
356 2094 424 2159 loeo
443 2112 662 2175 commemoro,
672 2123 674 2126 ·
685 2094 827 2158 dativum
842 2095 1011 2180 gerundivi
1026 2095 1154 2158 finalem
1169 2099 1293 2180 praeter

176 2201 215 2266 de
238 2221 310 2286 aqu.
327 2207 356 2284 4,
378 2206 418 2267 20
442 2200 612 2268 duumviri
634 2223 741 2285 aaziae
758 2203 986 2286 perducendae
1008 2203 1145 2268 inveniri
1167 2206 1251 2266 stret
1267 2200 1292 2265 I.

175 2307 282 2393 praei:
315 2306 509 2391 inferendae
540 2308 772 2393 solvendaeaae
805 2309 964 2376 obsidioni
994 2309 1120 2377 habebit
1145 2312 1293 2395 etrateyc·

177 2419 281 2497 mata,
309 2415 338 2481 h.
361 2434 387 2478 e.
411 2414 451 2480 ed
481 2415 677 2480 inferendam
709 2415 911 2481 obsidionem.
964 2415 1029 2480 Hie
1059 2436 1137 2482 usus
1168 2416 1243 2480 inde
1274 2437 1293 2480 e

176 2519 267 2586 Livio
289 2520 465 2586 increbruit
486 2521 536 2607 (oi.
553 2520 667 2607 Draeg.
682 2523 723 2587 IL
746 2543 797 2608 pg.
814 2528 876 2588 835
903 2523 968 2607 sqi.
989 2546 991 2550 ¹
1013 2523 1160 2587 Alterum
1182 2522 1293 2588 huius·

176 2628 261 2694 madi
290 2629 432 2695 dativum
457 2630 617 2695 invenisse
644 2630 705 2695 eibi
728 2631 818 2695 visus
846 2635 894 2695 est
916 2629 1038 2696 Zeehm.
1063 2630 1114 2712 (of.
1138 2629 1181 2696 st.
1197 2629 1293 2697 vinu

176 2736 237 2801 vol.
263 2744 291 2803 5.
313 2757 363 2822 pg.
389 2735 466 2822 237)
490 2741 542 2802 str.
564 2737 606 2802 II.
633 2743 687 2819 13,
712 2743 746 2820 2,
770 2757 833 2822 quo
858 2737 1124 2802 Gundermannus
1153 2737 1291 2821 scripsite

177 2848 208 2910 et
226 2845 379 2913 sectanda
398 2865 437 2912 ca
452 2844 608 2912 Antiochi
626 2845 748 2927 equites
762 2849 909 2913 moratae
924 2843 1049 2931 efforuit.
1088 2843 1169 2908 Cum
1187 2851 1293 2908 eutem

177 2951 299 3018 codices
326 2953 472 3017 meliores
497 2951 563 3016 ΗΡ
595 2950 765 3037 praebeant
796 2952 827 3018 ei
858 2953 1027 3020 sectandae
1055 2951 1083 3018 h.
1112 2969 1137 3016 e.
1160 2957 1197 3015 ut
1224 2969 1294 3016 eam

177 3063 384 3141 sectarentur,
416 3058 559 3124 dativum
585 3060 761 3144 genuinum
788 3078 857 3124 esee
883 3064 968 3143 puto.
1018 3057 1053 3124 Si
1079 3059 1123 3122 ita
1150 3061 1293 3142 eet‚'pro

176 3171 323 3234 moratae
362 3165 564 3232 scribendum
605 3171 652 3232 est
690 3170 845 3248 mantes,
888 3165 972 3250 quod
1008 3164 1188 3231 faciendum
1226 3182 1294 3229 esse

178 3271 299 3337 Zechm.
336 3274 357 3340 l.
389 3293 414 3338 e.
447 3281 478 3339 et
509 3273 770 3339 Wachsmuthiue
808 3271 859 3357 (oi.
892 3272 1062 3338 Gunderm.
1096 3271 1166 3338 odit,
1199 3270 1294 3356 praei

177 3399 227 3464 pg.
250 3378 351 3461 XVI.)
375 3387 511 3446 oensent,

267 3485 349 3552 Loco
376 3488 471 3552 huius
498 3488 596 3553 dativi
621 3487 725 3552 finalis
752 3487 822 3551 aliis
853 3487 931 3551 locis
962 3487 1224 3572 praepositionem
1251 3486 1295 3554 ad

178 3614 252 3660 oum
278 3595 430 3680 gerundio
457 3596 509 3661 vel
538 3594 715 3680 gerundivo
747 3595 947 3660 coniunctam
975 3593 1142 3658 Frontinus
1174 3593 1293 3678 posuit3

179 3703 331 3786 exempla,
356 3722 446 3787 queo,
468 3708 506 3767 ut
526 3704 571 3766 ite
590 3702 702 3785 dicem,
724 3703 758 3765 in
778 3701 926 3766 omnibus
944 3705 1184 3786 stratagematon
1204 3698 1292 3764 libris

178 3808 418 3875 innumerabilia
441 3815 524 3893 sunt,
547 3827 733 3874 enumerare
756 3828 835 3893 opus
857 3828 922 3872 non
944 3813 1001 3875 est.

631 4061 791 4070 Ἣ...-
807 4061 843 4068 η.-
