<?xml version="1.0" encoding="UTF-8"?>
<!DOCTYPE html PUBLIC "-//W3C//DTD XHTML 1.0 Transitional//EN"
    "http://www.w3.org/TR/xhtml1/DTD/xhtml1-transitional.dtd">
<html xmlns="http://www.w3.org/1999/xhtml" xml:lang="en" lang="en">
 <head>
  <title>
</title>
<meta http-equiv="Content-Type" content="text/html;charset=utf-8" />
  <meta name='ocr-system' content='tesseract 3.04.00' />
  <meta name='ocr-capabilities' content='ocr_page ocr_carea ocr_par ocr_line ocrx_word'/>
</head>
<body>
  <div class='ocr_page' id='page_1' title='image "./quaestionesgram00kortgoog_0014.png"; bbox 0 0 3046 4476; ppageno 0'>
   <div class='ocr_carea' id='block_1_1' title="bbox 189 223 1298 2409">
    <p class='ocr_par' dir='ltr' id='par_1_1' title="bbox 636 223 845 334">
     <span class='ocr_line' id='line_1_1' title="bbox 636 223 845 334; baseline 0 0"><span class='ocrx_word' id='word_1_1' title='bbox 636 223 845 334; x_wconf 57' lang='lat' dir='ltr'><strong>„L</strong></span> 
     </span>
    </p>

    <p class='ocr_par' dir='ltr' id='par_1_2' title="bbox 189 426 1298 2409">
     <span class='ocr_line' id='line_1_2' title="bbox 189 426 1290 513; baseline 0.005 -23"><span class='ocrx_word' id='word_1_2' title='bbox 189 426 212 490; x_wconf 93' lang='grc' dir='ltr'><strong>Ι.</strong></span> <span class='ocrx_word' id='word_1_3' title='bbox 229 427 310 508; x_wconf 87' lang='grc'><strong>5,14</strong></span> <span class='ocrx_word' id='word_1_4' title='bbox 327 459 366 480; x_wconf 71' lang='lat' dir='ltr'><strong><em>z</em></strong></span> <span class='ocrx_word' id='word_1_5' title='bbox 384 427 437 494; x_wconf 89' lang='lat' dir='ltr'><strong>IV.</strong></span> <span class='ocrx_word' id='word_1_6' title='bbox 456 430 485 511; x_wconf 89' lang='lat'><strong>5,</strong></span> <span class='ocrx_word' id='word_1_7' title='bbox 502 430 535 510; x_wconf 80' lang='lat'><strong>93</strong></span> <span class='ocrx_word' id='word_1_8' title='bbox 550 427 575 493; x_wconf 93' lang='grc' dir='ltr'><strong>Ι.</strong></span> <span class='ocrx_word' id='word_1_9' title='bbox 592 429 622 511; x_wconf 94' lang='grc'><strong>5,</strong></span> <span class='ocrx_word' id='word_1_10' title='bbox 639 429 680 493; x_wconf 90' lang='grc'><strong>15</strong></span> <span class='ocrx_word' id='word_1_11' title='bbox 698 459 737 484; x_wconf 82' lang='lat'><strong>=</strong></span> <span class='ocrx_word' id='word_1_12' title='bbox 753 429 809 493; x_wconf 86' lang='lat' dir='ltr'><strong>IV.</strong></span> <span class='ocrx_word' id='word_1_13' title='bbox 826 429 921 511; x_wconf 83' lang='lat' dir='ltr'><strong>5,1o;</strong></span> <span class='ocrx_word' id='word_1_14' title='bbox 937 429 1029 513; x_wconf 82' lang='lat'>1..11,</span> <span class='ocrx_word' id='word_1_15' title='bbox 1046 431 1290 512; x_wconf 82' lang='lat' dir='ltr'><strong>a=1v.5,11;</strong></span> 
     </span>
     <span class='ocr_line' id='line_1_3' title="bbox 189 533 1292 621; baseline 0.003 -23"><span class='ocrx_word' id='word_1_16' title='bbox 189 533 212 598; x_wconf 92' lang='lat' dir='ltr'><strong>I.</strong></span> <span class='ocrx_word' id='word_1_17' title='bbox 239 534 289 616; x_wconf 80' lang='lat'><strong>10,</strong></span> <span class='ocrx_word' id='word_1_18' title='bbox 312 535 329 597; x_wconf 93' lang='lat' dir='ltr'><strong>l</strong></span> <span class='ocrx_word' id='word_1_19' title='bbox 354 562 398 592; x_wconf 65' lang='grc' dir='ltr'><strong>ε.-</strong></span> <span class='ocrx_word' id='word_1_20' title='bbox 419 535 473 599; x_wconf 87' lang='lat' dir='ltr'><strong>IV.</strong></span> <span class='ocrx_word' id='word_1_21' title='bbox 499 537 527 617; x_wconf 77' lang='lat'><strong>7,</strong></span> <span class='ocrx_word' id='word_1_22' title='bbox 550 535 579 602; x_wconf 92' lang='grc'><strong>6.</strong></span> <span class='ocrx_word' id='word_1_23' title='bbox 614 533 701 600; x_wconf 87' lang='lat' dir='ltr'><strong>Haeo</strong></span> <span class='ocrx_word' id='word_1_24' title='bbox 723 536 870 620; x_wconf 86' lang='lat' dir='ltr'><strong>exempla</strong></span> <span class='ocrx_word' id='word_1_25' title='bbox 891 538 1070 620; x_wconf 80' lang='lat' dir='ltr'>scriptorem</span> <span class='ocrx_word' id='word_1_26' title='bbox 1093 535 1165 600; x_wconf 91' lang='lat' dir='ltr'>libri</span> <span class='ocrx_word' id='word_1_27' title='bbox 1189 540 1292 621; x_wconf 85' lang='lat' dir='ltr'><strong>quarti</strong></span> 
     </span>
     <span class='ocr_line' id='line_1_4' title="bbox 190 639 1293 727; baseline 0.006 -25"><span class='ocrx_word' id='word_1_28' title='bbox 190 657 232 702; x_wconf 81' lang='lat' dir='ltr'><strong>ex</strong></span> <span class='ocrx_word' id='word_1_29' title='bbox 257 639 411 724; x_wconf 84' lang='lat' dir='ltr'><strong>prioribus</strong></span> <span class='ocrx_word' id='word_1_30' title='bbox 442 640 532 706; x_wconf 89' lang='lat' dir='ltr'><strong>libris</strong></span> <span class='ocrx_word' id='word_1_31' title='bbox 563 659 640 706; x_wconf 85' lang='lat' dir='ltr'><strong>suae</strong></span> <span class='ocrx_word' id='word_1_32' title='bbox 666 642 877 725; x_wconf 74' lang='lat' dir='ltr'><strong>discriptionis</strong></span> <span class='ocrx_word' id='word_1_33' title='bbox 902 641 1072 726; x_wconf 86' lang='lat' dir='ltr'><strong>generibus</strong></span> <span class='ocrx_word' id='word_1_34' title='bbox 1098 642 1293 727; x_wconf 84' lang='lat' dir='ltr'><strong>subgessisse</strong></span> 
     </span>
     <span class='ocr_line' id='line_1_5' title="bbox 191 745 1293 829; baseline 0.004 -20"><span class='ocrx_word' id='word_1_35' title='bbox 191 747 312 811; x_wconf 89' lang='lat' dir='ltr'><strong>censuit</strong></span> <span class='ocrx_word' id='word_1_36' title='bbox 333 745 605 812; x_wconf 84' lang='lat' dir='ltr'><strong>Gundermannus.</strong></span> <span class='ocrx_word' id='word_1_37' title='bbox 650 745 710 813; x_wconf 84' lang='lat' dir='ltr'><strong>Ex.</strong></span> <span class='ocrx_word' id='word_1_38' title='bbox 732 746 787 812; x_wconf 82' lang='lat' dir='ltr'>IV..</span> <span class='ocrx_word' id='word_1_39' title='bbox 814 749 842 829; x_wconf 82' lang='lat'><strong>7,</strong></span> <span class='ocrx_word' id='word_1_40' title='bbox 866 746 885 808; x_wconf 92' lang='grc'><strong>6</strong></span> <span class='ocrx_word' id='word_1_41' title='bbox 909 748 967 812; x_wconf 91' lang='lat' dir='ltr'><strong>hoc</strong></span> <span class='ocrx_word' id='word_1_42' title='bbox 993 748 1061 812; x_wconf 91' lang='lat' dir='ltr'><strong>loco</strong></span> <span class='ocrx_word' id='word_1_43' title='bbox 1089 748 1293 814; x_wconf 90' lang='lat' dir='ltr'><strong>subditicium</strong></span> 
     </span>
     <span class='ocr_line' id='line_1_6' title="bbox 191 852 1293 938; baseline 0.004 -22"><span class='ocrx_word' id='word_1_44' title='bbox 191 870 259 918; x_wconf 87' lang='lat' dir='ltr'><strong>esse</strong></span> <span class='ocrx_word' id='word_1_45' title='bbox 279 858 363 937; x_wconf 89' lang='lat' dir='ltr'><strong>puto.</strong></span> <span class='ocrx_word' id='word_1_46' title='bbox 399 853 480 918; x_wconf 89' lang='lat' dir='ltr'><strong>Nam</strong></span> <span class='ocrx_word' id='word_1_47' title='bbox 494 853 713 918; x_wconf 81' lang='lat' dir='ltr'><strong>Frontinianae</strong></span> <span class='ocrx_word' id='word_1_48' title='bbox 732 852 875 917; x_wconf 91' lang='lat' dir='ltr'><strong>dictionis</strong></span> <span class='ocrx_word' id='word_1_49' title='bbox 893 855 1051 938; x_wconf 90' lang='lat' dir='ltr'><strong>proprium</strong></span> <span class='ocrx_word' id='word_1_50' title='bbox 1075 873 1143 920; x_wconf 88' lang='lat' dir='ltr'><strong>esse</strong></span> <span class='ocrx_word' id='word_1_51' title='bbox 1166 855 1293 920; x_wconf 89' lang='lat' dir='ltr'><strong>demon-</strong></span> 
     </span>
     <span class='ocr_line' id='line_1_7' title="bbox 192 957 1293 1045; baseline 0.004 -21"><span class='ocrx_word' id='word_1_52' title='bbox 192 960 301 1024; x_wconf 88' lang='lat' dir='ltr'><strong>stravit</strong></span> <span class='ocrx_word' id='word_1_53' title='bbox 317 959 457 1024; x_wconf 83' lang='lat' dir='ltr'><strong>Fritzeus</strong></span> <span class='ocrx_word' id='word_1_54' title='bbox 475 959 536 1045; x_wconf 84' lang='lat' dir='ltr'><strong>(pg.</strong></span> <span class='ocrx_word' id='word_1_55' title='bbox 554 961 595 1024; x_wconf 86' lang='lat'><strong>13</strong></span> <span class='ocrx_word' id='word_1_56' title='bbox 614 957 681 1044; x_wconf 73' lang='lat' dir='ltr'><strong>sp),</strong></span> <span class='ocrx_word' id='word_1_57' title='bbox 704 960 828 1043; x_wconf 88' lang='lat' dir='ltr'><strong>singula</strong></span> <span class='ocrx_word' id='word_1_58' title='bbox 849 960 884 1023; x_wconf 91' lang='lat' dir='ltr'><strong>in</strong></span> <span class='ocrx_word' id='word_1_59' title='bbox 906 961 1060 1044; x_wconf 85' lang='lat' dir='ltr'><strong>exemplis</strong></span> <span class='ocrx_word' id='word_1_60' title='bbox 1083 962 1177 1028; x_wconf 89' lang='lat' dir='ltr'><strong>verba</strong></span> <span class='ocrx_word' id='word_1_61' title='bbox 1199 965 1293 1028; x_wconf 87' lang='lat' dir='ltr'><strong>inter·</strong></span> 
     </span>
     <span class='ocr_line' id='line_1_8' title="bbox 192 1064 1293 1153; baseline 0.005 -25"><span class='ocrx_word' id='word_1_62' title='bbox 192 1064 268 1129; x_wconf 91' lang='lat' dir='ltr'><strong>dum</strong></span> <span class='ocrx_word' id='word_1_63' title='bbox 282 1067 326 1130; x_wconf 85' lang='lat' dir='ltr'><strong>ita</strong></span> <span class='ocrx_word' id='word_1_64' title='bbox 341 1084 409 1131; x_wconf 89' lang='lat' dir='ltr'><strong>esse</strong></span> <span class='ocrx_word' id='word_1_65' title='bbox 424 1067 520 1132; x_wconf 88' lang='lat' dir='ltr'><strong>electa</strong></span> <span class='ocrx_word' id='word_1_66' title='bbox 537 1071 630 1152; x_wconf 87' lang='lat' dir='ltr'><strong>atque</strong></span> <span class='ocrx_word' id='word_1_67' title='bbox 647 1065 814 1131; x_wconf 85' lang='lat' dir='ltr'><strong>verborum</strong></span> <span class='ocrx_word' id='word_1_68' title='bbox 829 1085 1007 1131; x_wconf 86' lang='lat' dir='ltr'><strong>connexum</strong></span> <span class='ocrx_word' id='word_1_69' title='bbox 1022 1068 1066 1132; x_wconf 86' lang='lat' dir='ltr'><strong>ita</strong></span> <span class='ocrx_word' id='word_1_70' title='bbox 1082 1087 1149 1135; x_wconf 88' lang='lat' dir='ltr'><strong>esse</strong></span> <span class='ocrx_word' id='word_1_71' title='bbox 1167 1070 1293 1153; x_wconf 88' lang='lat' dir='ltr'><strong>lactum,</strong></span> 
     </span>
     <span class='ocr_line' id='line_1_9' title="bbox 192 1173 1293 1258; baseline 0.004 -22"><span class='ocrx_word' id='word_1_72' title='bbox 192 1178 229 1236; x_wconf 94' lang='lat' dir='ltr'><strong>ut</strong></span> <span class='ocrx_word' id='word_1_73' title='bbox 259 1173 369 1238; x_wconf 89' lang='lat' dir='ltr'><strong>circuli</strong></span> <span class='ocrx_word' id='word_1_74' title='bbox 395 1173 523 1258; x_wconf 86' lang='lat' dir='ltr'><strong>quidem</strong></span> <span class='ocrx_word' id='word_1_75' title='bbox 549 1173 775 1256; x_wconf 86' lang='lat' dir='ltr'><strong>exemplorum,</strong></span> <span class='ocrx_word' id='word_1_76' title='bbox 807 1192 888 1256; x_wconf 85' lang='lat' dir='ltr'><strong>quae</strong></span> <span class='ocrx_word' id='word_1_77' title='bbox 916 1175 1140 1240; x_wconf 86' lang='lat' dir='ltr'><strong>sententiarum</strong></span> <span class='ocrx_word' id='word_1_78' title='bbox 1168 1177 1293 1240; x_wconf 88' lang='lat' dir='ltr'><strong>vinculo</strong></span> 
     </span>
     <span class='ocr_line' id='line_1_10' title="bbox 192 1273 1294 1360; baseline 0.002 -16"><span class='ocrx_word' id='word_1_79' title='bbox 192 1281 274 1345; x_wconf 88' lang='lat' dir='ltr'><strong>inter</strong></span> <span class='ocrx_word' id='word_1_80' title='bbox 308 1298 342 1344; x_wconf 91' lang='lat' dir='ltr'><strong>se</strong></span> <span class='ocrx_word' id='word_1_81' title='bbox 377 1281 541 1344; x_wconf 85' lang='lat' dir='ltr'><strong>coniuncta</strong></span> <span class='ocrx_word' id='word_1_82' title='bbox 576 1283 692 1360; x_wconf 88' lang='lat' dir='ltr'><strong>essent,</strong></span> <span class='ocrx_word' id='word_1_83' title='bbox 729 1279 821 1342; x_wconf 90' lang='lat' dir='ltr'><strong>etiam</strong></span> <span class='ocrx_word' id='word_1_84' title='bbox 859 1284 988 1344; x_wconf 87' lang='lat' dir='ltr'><strong>externa</strong></span> <span class='ocrx_word' id='word_1_85' title='bbox 1019 1280 1163 1346; x_wconf 89' lang='lat' dir='ltr'><strong>dictionis</strong></span> <span class='ocrx_word' id='word_1_86' title='bbox 1195 1273 1294 1347; x_wconf 83' lang='lat' dir='ltr'><strong>forma</strong></span> 
     </span>
     <span class='ocr_line' id='line_1_11' title="bbox 193 1383 1294 1470; baseline 0.002 -21"><span class='ocrx_word' id='word_1_87' title='bbox 193 1387 310 1450; x_wconf 87' lang='lat' dir='ltr'><strong>similes</strong></span> <span class='ocrx_word' id='word_1_88' title='bbox 350 1386 547 1470; x_wconf 85' lang='lat' dir='ltr'><strong>fingerentur.</strong></span> <span class='ocrx_word' id='word_1_89' title='bbox 610 1383 740 1468; x_wconf 84' lang='lat' dir='ltr'><strong>Propter</strong></span> <span class='ocrx_word' id='word_1_90' title='bbox 785 1385 866 1449; x_wconf 91' lang='lat' dir='ltr'><strong>hanc</strong></span> <span class='ocrx_word' id='word_1_91' title='bbox 902 1383 1071 1450; x_wconf 82' lang='lat' dir='ltr'><strong>uerborum</strong></span> <span class='ocrx_word' id='word_1_92' title='bbox 1113 1386 1294 1451; x_wconf 81' lang='lat' dir='ltr'><strong>electionem</strong></span> 
     </span>
     <span class='ocr_line' id='line_1_12' title="bbox 194 1490 1294 1578; baseline 0.001 -22"><span class='ocrx_word' id='word_1_93' title='bbox 194 1498 246 1556; x_wconf 90' lang='lat' dir='ltr'><strong>str.</strong></span> <span class='ocrx_word' id='word_1_94' title='bbox 268 1491 292 1558; x_wconf 86' lang='lat' dir='ltr'>L</span> <span class='ocrx_word' id='word_1_95' title='bbox 318 1493 413 1574; x_wconf 88' lang='grc'><strong>10,1</strong></span> <span class='ocrx_word' id='word_1_96' title='bbox 444 1521 483 1545; x_wconf 84' lang='grc'><strong>--</strong></span> <span class='ocrx_word' id='word_1_97' title='bbox 511 1490 566 1554; x_wconf 90' lang='lat' dir='ltr'><strong>IV.</strong></span> <span class='ocrx_word' id='word_1_98' title='bbox 591 1491 620 1568; x_wconf 81' lang='grc'><strong>7,</strong></span> <span class='ocrx_word' id='word_1_99' title='bbox 643 1490 662 1552; x_wconf 92' lang='grc'><strong>6</strong></span> <span class='ocrx_word' id='word_1_100' title='bbox 689 1491 786 1574; x_wconf 87' lang='lat' dir='ltr'><strong>priori</strong></span> <span class='ocrx_word' id='word_1_101' title='bbox 813 1491 880 1556; x_wconf 90' lang='lat' dir='ltr'><strong>loco</strong></span> <span class='ocrx_word' id='word_1_102' title='bbox 907 1493 1079 1576; x_wconf 86' lang='lat' dir='ltr'><strong>genuinum</strong></span> <span class='ocrx_word' id='word_1_103' title='bbox 1112 1511 1179 1557; x_wconf 89' lang='lat' dir='ltr'><strong>esse</strong></span> <span class='ocrx_word' id='word_1_104' title='bbox 1210 1498 1294 1578; x_wconf 93' lang='lat' dir='ltr'><strong>puto.</strong></span> 
     </span>
     <span class='ocr_line' id='line_1_13' title="bbox 195 1597 1294 1683; baseline -0.003 -19"><span class='ocrx_word' id='word_1_105' title='bbox 195 1599 237 1664; x_wconf 81' lang='lat' dir='ltr'><strong>cf.</strong></span> <span class='ocrx_word' id='word_1_106' title='bbox 251 1599 275 1664; x_wconf 90' lang='lat' dir='ltr'><strong>I.</strong></span> <span class='ocrx_word' id='word_1_107' title='bbox 298 1600 347 1680; x_wconf 90' lang='lat'><strong>10,</strong></span> <span class='ocrx_word' id='word_1_108' title='bbox 369 1600 384 1661; x_wconf 94' lang='grc'><strong>1</strong></span> <span class='ocrx_word' id='word_1_109' title='bbox 404 1650 409 1661; x_wconf 96' lang='grc'><strong>.</strong></span> <span class='ocrx_word' id='word_1_110' title='bbox 427 1648 434 1662; x_wconf 88' lang='grc'><strong>.</strong></span> <span class='ocrx_word' id='word_1_111' title='bbox 451 1651 457 1664; x_wconf 95' lang='grc'><strong>.</strong></span> <span class='ocrx_word' id='word_1_112' title='bbox 477 1646 483 1660; x_wconf 95' lang='grc'><strong>.</strong></span> <span class='ocrx_word' id='word_1_113' title='bbox 506 1597 685 1664; x_wconf 78' lang='lat' dir='ltr'><strong>inconsulte</strong></span> <span class='ocrx_word' id='word_1_114' title='bbox 695 1618 844 1683; x_wconf 73' lang='lat' dir='ltr'><strong>puppem</strong></span> <span class='ocrx_word' id='word_1_115' title='bbox 859 1603 1078 1680; x_wconf 79' lang='lat' dir='ltr'><strong>exposcentes.</strong></span> <span class='ocrx_word' id='word_1_116' title='bbox 1097 1648 1103 1660; x_wconf 92' lang='lat'>.</span> <span class='ocrx_word' id='word_1_117' title='bbox 1119 1621 1140 1676; x_wconf 87' lang='grc'><strong>.;</strong></span> <span class='ocrx_word' id='word_1_118' title='bbox 1164 1598 1188 1662; x_wconf 95' lang='grc' dir='ltr'><strong>Ι.</strong></span> <span class='ocrx_word' id='word_1_119' title='bbox 1209 1600 1294 1681; x_wconf 86' lang='grc'><strong>16,2</strong></span> 
     </span>
     <span class='ocr_line' id='line_1_14' title="bbox 196 1702 1296 1792; baseline -0.002 -20"><span class='ocrx_word' id='word_1_120' title='bbox 196 1726 395 1792; x_wconf 79' lang='lat' dir='ltr'><strong>...popone</strong></span> <span class='ocrx_word' id='word_1_121' title='bbox 424 1703 553 1790; x_wconf 70' lang='lat' dir='ltr'><strong>mquam</strong></span> <span class='ocrx_word' id='word_1_122' title='bbox 582 1703 763 1770; x_wconf 80' lang='grc'><strong>1666666116</strong></span> <span class='ocrx_word' id='word_1_123' title='bbox 785 1702 1004 1790; x_wconf 64' lang='grc'><strong>6691166166.</strong></span> <span class='ocrx_word' id='word_1_124' title='bbox 1027 1754 1031 1766; x_wconf 94' lang='grc'><strong>.</strong></span> <span class='ocrx_word' id='word_1_125' title='bbox 1053 1759 1058 1770; x_wconf 87' lang='grc'>,</span> <span class='ocrx_word' id='word_1_126' title='bbox 1080 1757 1087 1772; x_wconf 93' lang='grc'><strong>.</strong></span> <span class='ocrx_word' id='word_1_127' title='bbox 1133 1703 1296 1770; x_wconf 83' lang='lat' dir='ltr'><strong>Praetereo</strong></span> 
     </span>
     <span class='ocr_line' id='line_1_15' title="bbox 194 1810 1295 1894; baseline 0.002 -18"><span class='ocrx_word' id='word_1_128' title='bbox 194 1813 218 1878; x_wconf 95' lang='lat' dir='ltr'><strong>I.</strong></span> <span class='ocrx_word' id='word_1_129' title='bbox 248 1814 302 1894; x_wconf 87' lang='lat'><strong>10,</strong></span> <span class='ocrx_word' id='word_1_130' title='bbox 330 1814 348 1876; x_wconf 87' lang='lat'>2</span> <span class='ocrx_word' id='word_1_131' title='bbox 378 1810 474 1875; x_wconf 81' lang='lat' dir='ltr'><strong>verbo</strong></span> <span class='ocrx_word' id='word_1_132' title='bbox 504 1810 597 1876; x_wconf 83' lang='lat' dir='ltr'><strong>Idem</strong></span> <span class='ocrx_word' id='word_1_133' title='bbox 633 1811 776 1894; x_wconf 83' lang='lat' dir='ltr'><strong>exemplo</strong></span> <span class='ocrx_word' id='word_1_134' title='bbox 813 1810 896 1894; x_wconf 90' lang='lat' dir='ltr'><strong>quod</strong></span> <span class='ocrx_word' id='word_1_135' title='bbox 927 1811 1081 1875; x_wconf 78' lang='lat' dir='ltr'><strong>antecedit</strong></span> <span class='ocrx_word' id='word_1_136' title='bbox 1113 1811 1295 1878; x_wconf 80' lang='lat' dir='ltr'><strong>adnectitur.</strong></span> 
     </span>
     <span class='ocr_line' id='line_1_16' title="bbox 194 1915 1297 2003; baseline -0.003 -19"><span class='ocrx_word' id='word_1_137' title='bbox 194 1919 327 2003; x_wconf 81' lang='lat' dir='ltr'><strong>Reliqua</strong></span> <span class='ocrx_word' id='word_1_138' title='bbox 345 1923 450 1983; x_wconf 87' lang='lat' dir='ltr'><strong>autem</strong></span> <span class='ocrx_word' id='word_1_139' title='bbox 467 1916 611 2000; x_wconf 87' lang='lat' dir='ltr'><strong>exempla</strong></span> <span class='ocrx_word' id='word_1_140' title='bbox 632 1935 703 1980; x_wconf 84' lang='lat' dir='ltr'><strong>mea</strong></span> <span class='ocrx_word' id='word_1_141' title='bbox 720 1915 846 2000; x_wconf 90' lang='lat' dir='ltr'><strong>quidem</strong></span> <span class='ocrx_word' id='word_1_142' title='bbox 864 1917 1019 1980; x_wconf 87' lang='lat' dir='ltr'><strong>sententia</strong></span> <span class='ocrx_word' id='word_1_143' title='bbox 1032 1917 1067 1980; x_wconf 91' lang='lat' dir='ltr'><strong>in</strong></span> <span class='ocrx_word' id='word_1_144' title='bbox 1084 1922 1194 2000; x_wconf 87' lang='lat' dir='ltr'><strong>quarto</strong></span> <span class='ocrx_word' id='word_1_145' title='bbox 1216 1917 1297 1982; x_wconf 90' lang='lat' dir='ltr'><strong>libro</strong></span> 
     </span>
     <span class='ocr_line' id='line_1_17' title="bbox 195 2020 1298 2107; baseline -0.003 -17"><span class='ocrx_word' id='word_1_146' title='bbox 195 2045 290 2090; x_wconf 89' lang='lat' dir='ltr'><strong>suum</strong></span> <span class='ocrx_word' id='word_1_147' title='bbox 312 2026 416 2089; x_wconf 88' lang='lat' dir='ltr'><strong>locum</strong></span> <span class='ocrx_word' id='word_1_148' title='bbox 443 2023 584 2088; x_wconf 88' lang='lat' dir='ltr'><strong>obtinent</strong></span> <span class='ocrx_word' id='word_1_149' title='bbox 612 2027 706 2107; x_wconf 90' lang='lat' dir='ltr'><strong>atque</strong></span> <span class='ocrx_word' id='word_1_150' title='bbox 732 2021 806 2086; x_wconf 91' lang='lat' dir='ltr'><strong>inde</strong></span> <span class='ocrx_word' id='word_1_151' title='bbox 831 2022 867 2085; x_wconf 93' lang='lat' dir='ltr'><strong>in</strong></span> <span class='ocrx_word' id='word_1_152' title='bbox 892 2020 987 2092; x_wconf 90' lang='lat' dir='ltr'><strong>libros</strong></span> <span class='ocrx_word' id='word_1_153' title='bbox 1009 2023 1127 2105; x_wconf 90' lang='lat' dir='ltr'><strong>priores</strong></span> <span class='ocrx_word' id='word_1_154' title='bbox 1149 2024 1298 2087; x_wconf 87' lang='lat' dir='ltr'><strong>translata</strong></span> 
     </span>
     <span class='ocr_line' id='line_1_18' title="bbox 195 2126 1298 2212; baseline -0.005 -14"><span class='ocrx_word' id='word_1_155' title='bbox 195 2137 277 2198; x_wconf 88' lang='lat' dir='ltr'><strong>sunt.</strong></span> <span class='ocrx_word' id='word_1_156' title='bbox 322 2130 463 2195; x_wconf 90' lang='lat' dir='ltr'><strong>Primum</strong></span> <span class='ocrx_word' id='word_1_157' title='bbox 486 2129 569 2194; x_wconf 90' lang='lat' dir='ltr'><strong>enim</strong></span> <span class='ocrx_word' id='word_1_158' title='bbox 591 2128 667 2192; x_wconf 86' lang='lat' dir='ltr'><strong>haee</strong></span> <span class='ocrx_word' id='word_1_159' title='bbox 689 2128 833 2211; x_wconf 86' lang='lat' dir='ltr'><strong>exempla</strong></span> <span class='ocrx_word' id='word_1_160' title='bbox 858 2129 893 2190; x_wconf 90' lang='lat' dir='ltr'><strong>in</strong></span> <span class='ocrx_word' id='word_1_161' title='bbox 920 2126 1000 2191; x_wconf 91' lang='lat' dir='ltr'><strong>libro</strong></span> <span class='ocrx_word' id='word_1_162' title='bbox 1028 2133 1139 2212; x_wconf 88' lang='lat' dir='ltr'><strong>quarto</strong></span> <span class='ocrx_word' id='word_1_163' title='bbox 1167 2134 1298 2194; x_wconf 84' lang='lat' dir='ltr'><strong>externa</strong></span> 
     </span>
     <span class='ocr_line' id='line_1_19' title="bbox 196 2233 1297 2318; baseline -0.004 -16"><span class='ocrx_word' id='word_1_164' title='bbox 196 2238 339 2303; x_wconf 91' lang='lat' dir='ltr'><strong>dictionis</strong></span> <span class='ocrx_word' id='word_1_165' title='bbox 370 2237 470 2301; x_wconf 87' lang='lat' dir='ltr'><strong>tonna</strong></span> <span class='ocrx_word' id='word_1_166' title='bbox 499 2237 581 2300; x_wconf 90' lang='lat' dir='ltr'><strong>inter</strong></span> <span class='ocrx_word' id='word_1_167' title='bbox 612 2253 646 2300; x_wconf 92' lang='lat' dir='ltr'><strong>se</strong></span> <span class='ocrx_word' id='word_1_168' title='bbox 673 2238 705 2299; x_wconf 90' lang='lat' dir='ltr'><strong>et</strong></span> <span class='ocrx_word' id='word_1_169' title='bbox 735 2252 809 2298; x_wconf 91' lang='lat' dir='ltr'><strong>cum</strong></span> <span class='ocrx_word' id='word_1_170' title='bbox 838 2233 994 2316; x_wconf 85' lang='lat' dir='ltr'><strong>exemplo,</strong></span> <span class='ocrx_word' id='word_1_171' title='bbox 1023 2234 1107 2318; x_wconf 92' lang='lat' dir='ltr'><strong>quod</strong></span> <span class='ocrx_word' id='word_1_172' title='bbox 1134 2236 1297 2318; x_wconf 81' lang='lat' dir='ltr'><strong>praecedit,</strong></span> 
     </span>
     <span class='ocr_line' id='line_1_20' title="bbox 196 2339 732 2409; baseline -0.006 0"><span class='ocrx_word' id='word_1_173' title='bbox 196 2345 351 2409; x_wconf 85' lang='lat' dir='ltr'><strong>artissime</strong></span> <span class='ocrx_word' id='word_1_174' title='bbox 372 2345 538 2408; x_wconf 85' lang='lat' dir='ltr'><strong>coniuncta</strong></span> <span class='ocrx_word' id='word_1_175' title='bbox 560 2345 642 2406; x_wconf 87' lang='lat' dir='ltr'><strong>sunt</strong></span> <span class='ocrx_word' id='word_1_176' title='bbox 687 2339 732 2406; x_wconf 78' lang='lat' dir='ltr'><strong>cf.</strong></span> 
     </span>
    </p>
   </div>
   <div class='ocr_carea' id='block_1_2' title="bbox 248 2499 1191 2920">
    <p class='ocr_par' dir='ltr' id='par_1_3' title="bbox 248 2499 1191 2920">
     <span class='ocr_line' id='line_1_21' title="bbox 248 2499 1073 2584; baseline -0.002 -16"><span class='ocrx_word' id='word_1_177' title='bbox 248 2503 303 2568; x_wconf 91' lang='lat' dir='ltr'><strong>IV.</strong></span> <span class='ocrx_word' id='word_1_178' title='bbox 327 2506 346 2568; x_wconf 88' lang='grc'><strong>6</strong></span> <span class='ocrx_word' id='word_1_179' title='bbox 409 2503 426 2564; x_wconf 83' lang='grc'><strong>7</strong></span> <span class='ocrx_word' id='word_1_180' title='bbox 450 2501 623 2568; x_wconf 77' lang='lat' dir='ltr'><strong>incolomes</strong></span> <span class='ocrx_word' id='word_1_181' title='bbox 647 2499 827 2567; x_wconf 79' lang='grc'><strong>06666666</strong></span> <span class='ocrx_word' id='word_1_182' title='bbox 845 2503 1073 2584; x_wconf 73' lang='grc'><strong>6666666661.</strong></span> 
     </span>
     <span class='ocr_line' id='line_1_22' title="bbox 409 2606 1191 2675; baseline 0 -3"><span class='ocrx_word' id='word_1_183' title='bbox 409 2611 427 2672; x_wconf 85' lang='grc'>9</span> <span class='ocrx_word' id='word_1_184' title='bbox 450 2607 618 2675; x_wconf 77' lang='lat' dir='ltr'><strong>incolomis</strong></span> <span class='ocrx_word' id='word_1_185' title='bbox 639 2628 712 2672; x_wconf 85' lang='grc'><strong>666</strong></span> <span class='ocrx_word' id='word_1_186' title='bbox 734 2606 888 2675; x_wconf 71' lang='lat' dir='ltr'><strong>natilibus</strong></span> <span class='ocrx_word' id='word_1_187' title='bbox 910 2606 1034 2673; x_wconf 78' lang='lat' dir='ltr'><strong>consoli</strong></span> <span class='ocrx_word' id='word_1_188' title='bbox 1056 2606 1191 2674; x_wconf 83' lang='lat' dir='ltr'><strong>occessit.</strong></span> 
     </span>
     <span class='ocr_line' id='line_1_23' title="bbox 354 2611 909 2814; baseline -0.005 -33"><span class='ocrx_word' id='word_1_189' title='bbox 354 2611 370 2814; x_wconf 47' lang='grc' dir='ltr'><em>ξ</em></span> <span class='ocrx_word' id='word_1_190' title='bbox 408 2718 427 2780; x_wconf 92' lang='grc'>8</span> <span class='ocrx_word' id='word_1_191' title='bbox 450 2716 513 2781; x_wconf 87' lang='lat' dir='ltr'><strong>loco</strong></span> <span class='ocrx_word' id='word_1_192' title='bbox 531 2714 644 2798; x_wconf 75' lang='lat' dir='ltr'><strong>irripere</strong></span> <span class='ocrx_word' id='word_1_193' title='bbox 667 2713 909 2780; x_wconf 79' lang='grc'><strong>6666666666.</strong></span> 
     </span>
     <span class='ocr_line' id='line_1_24' title="bbox 380 2718 896 2920; baseline -0.004 -33"><span class='ocrx_word' id='word_1_194' title='bbox 380 2718 427 2920; x_wconf 70' lang='lat'><strong>{9</strong></span> <span class='ocrx_word' id='word_1_195' title='bbox 450 2821 575 2906; x_wconf 76' lang='lat' dir='ltr'><strong>iniquis</strong></span> <span class='ocrx_word' id='word_1_196' title='bbox 597 2820 671 2886; x_wconf 81' lang='lat' dir='ltr'><strong>locis</strong></span> <span class='ocrx_word' id='word_1_197' title='bbox 693 2818 896 2902; x_wconf 76' lang='lat' dir='ltr'><strong>deprehenso.</strong></span> 
     </span>
    </p>
   </div>
   <div class='ocr_carea' id='block_1_3' title="bbox 198 2977 1303 4132">
    <p class='ocr_par' dir='ltr' id='par_1_4' title="bbox 198 2977 1303 4132">
     <span class='ocr_line' id='line_1_25' title="bbox 198 2977 1299 3067; baseline -0.009 -16"><span class='ocrx_word' id='word_1_198' title='bbox 198 2985 337 3067; x_wconf 68' lang='lat' dir='ltr'><strong>Accedit,</strong></span> <span class='ocrx_word' id='word_1_199' title='bbox 368 2983 451 3066; x_wconf 92' lang='lat' dir='ltr'><strong>quod</strong></span> <span class='ocrx_word' id='word_1_200' title='bbox 482 2980 625 3065; x_wconf 86' lang='lat' dir='ltr'><strong>exempla</strong></span> <span class='ocrx_word' id='word_1_201' title='bbox 650 2978 705 3044; x_wconf 89' lang='lat' dir='ltr'><strong>IV.</strong></span> <span class='ocrx_word' id='word_1_202' title='bbox 730 2980 763 3061; x_wconf 85' lang='lat'><strong>5,</strong></span> <span class='ocrx_word' id='word_1_203' title='bbox 791 2977 909 3043; x_wconf 85' lang='lat'>8-11</span> <span class='ocrx_word' id='word_1_204' title='bbox 943 2978 1031 3042; x_wconf 92' lang='lat' dir='ltr'><strong>nullo</strong></span> <span class='ocrx_word' id='word_1_205' title='bbox 1063 2978 1125 3041; x_wconf 83' lang='lat' dir='ltr'><strong>alio</strong></span> <span class='ocrx_word' id='word_1_206' title='bbox 1156 2977 1299 3060; x_wconf 83' lang='lat' dir='ltr'><strong>exemplo</strong></span> 
     </span>
     <span class='ocr_line' id='line_1_26' title="bbox 198 3082 1300 3174; baseline -0.011 -17"><span class='ocrx_word' id='word_1_207' title='bbox 198 3094 371 3174; x_wconf 88' lang='lat' dir='ltr'><strong>interrupta</strong></span> <span class='ocrx_word' id='word_1_208' title='bbox 420 3088 565 3171; x_wconf 85' lang='lat' dir='ltr'><strong>deinceps</strong></span> <span class='ocrx_word' id='word_1_209' title='bbox 615 3086 834 3165; x_wconf 89' lang='lat' dir='ltr'><strong>inveniuntur,</strong></span> <span class='ocrx_word' id='word_1_210' title='bbox 879 3082 1150 3167; x_wconf 85' lang='lat' dir='ltr'><strong>strategematibus</strong></span> <span class='ocrx_word' id='word_1_211' title='bbox 1194 3087 1300 3146; x_wconf 90' lang='lat' dir='ltr'><strong>autem</strong></span> 
     </span>
     <span class='ocr_line' id='line_1_27' title="bbox 198 3189 1300 3280; baseline -0.01 -16"><span class='ocrx_word' id='word_1_212' title='bbox 198 3199 223 3264; x_wconf 91' lang='grc' dir='ltr'><strong>Ι.</strong></span> <span class='ocrx_word' id='word_1_213' title='bbox 247 3199 276 3280; x_wconf 87' lang='grc'><strong>5,</strong></span> <span class='ocrx_word' id='word_1_214' title='bbox 300 3197 349 3263; x_wconf 88' lang='lat'><strong>12.</strong></span> <span class='ocrx_word' id='word_1_215' title='bbox 374 3196 423 3259; x_wconf 90' lang='grc'><strong>14.</strong></span> <span class='ocrx_word' id='word_1_216' title='bbox 448 3196 488 3258; x_wconf 92' lang='grc'><strong>15</strong></span> <span class='ocrx_word' id='word_1_217' title='bbox 512 3191 597 3257; x_wconf 83' lang='grc'><strong>61161</strong></span> <span class='ocrx_word' id='word_1_218' title='bbox 620 3191 797 3276; x_wconf 85' lang='lat' dir='ltr'><strong>exemplum</strong></span> <span class='ocrx_word' id='word_1_219' title='bbox 819 3192 1034 3275; x_wconf 89' lang='lat' dir='ltr'><strong>interpositum</strong></span> <span class='ocrx_word' id='word_1_220' title='bbox 1062 3192 1094 3254; x_wconf 93' lang='grc'><strong>61</strong></span> <span class='ocrx_word' id='word_1_221' title='bbox 1120 3189 1300 3272; x_wconf 85' lang='lat' dir='ltr'><strong>exemplum</strong></span> 
     </span>
     <span class='ocr_line' id='line_1_28' title="bbox 199 3295 1301 3387; baseline -0.009 -18"><span class='ocrx_word' id='word_1_222' title='bbox 199 3307 223 3372; x_wconf 88' lang='lat' dir='ltr'><strong>I.</strong></span> <span class='ocrx_word' id='word_1_223' title='bbox 248 3299 495 3387; x_wconf 83' lang='lat' dir='ltr'><strong>11,e(=1v.</strong></span> <span class='ocrx_word' id='word_1_224' title='bbox 521 3300 549 3381; x_wconf 90' lang='grc'><strong>5,</strong></span> <span class='ocrx_word' id='word_1_225' title='bbox 574 3299 625 3377; x_wconf 93' lang='grc'><strong>11)</strong></span> <span class='ocrx_word' id='word_1_226' title='bbox 648 3296 687 3361; x_wconf 82' lang='grc'><strong>61)</strong></span> <span class='ocrx_word' id='word_1_227' title='bbox 714 3297 769 3360; x_wconf 88' lang='grc'><strong>1116</strong></span> <span class='ocrx_word' id='word_1_228' title='bbox 796 3296 1010 3381; x_wconf 85' lang='lat' dir='ltr'><strong>exemplorum</strong></span> <span class='ocrx_word' id='word_1_229' title='bbox 1039 3295 1147 3359; x_wconf 92' lang='lat' dir='ltr'><strong>ordine</strong></span> <span class='ocrx_word' id='word_1_230' title='bbox 1173 3314 1301 3379; x_wconf 91' lang='lat' dir='ltr'><strong>prorsus</strong></span> 
     </span>
     <span class='ocr_line' id='line_1_29' title="bbox 199 3399 1301 3490; baseline -0.012 -14"><span class='ocrx_word' id='word_1_231' title='bbox 199 3412 376 3478; x_wconf 87' lang='lat' dir='ltr'><strong>seiunctum</strong></span> <span class='ocrx_word' id='word_1_232' title='bbox 394 3412 449 3474; x_wconf 86' lang='lat' dir='ltr'><strong>est.</strong></span> <span class='ocrx_word' id='word_1_233' title='bbox 485 3409 590 3490; x_wconf 83' lang='lat' dir='ltr'><strong>Atque</strong></span> <span class='ocrx_word' id='word_1_234' title='bbox 608 3404 703 3468; x_wconf 89' lang='lat' dir='ltr'><strong>etiam</strong></span> <span class='ocrx_word' id='word_1_235' title='bbox 720 3403 819 3467; x_wconf 89' lang='lat' dir='ltr'><strong>multo</strong></span> <span class='ocrx_word' id='word_1_236' title='bbox 837 3402 1038 3467; x_wconf 87' lang='lat' dir='ltr'><strong>verisimilius</strong></span> <span class='ocrx_word' id='word_1_237' title='bbox 1061 3405 1116 3484; x_wconf 86' lang='lat' dir='ltr'><strong>est,</strong></span> <span class='ocrx_word' id='word_1_238' title='bbox 1139 3399 1301 3463; x_wconf 87' lang='lat' dir='ltr'><strong>librarium</strong></span> 
     </span>
     <span class='ocr_line' id='line_1_30' title="bbox 201 3506 1303 3602; baseline -0.012 -20"><span class='ocrx_word' id='word_1_239' title='bbox 201 3517 369 3602; x_wconf 85' lang='lat' dir='ltr'><strong>quendam,</strong></span> <span class='ocrx_word' id='word_1_240' title='bbox 392 3513 504 3598; x_wconf 86' lang='lat' dir='ltr'><strong>quiin</strong></span> <span class='ocrx_word' id='word_1_241' title='bbox 528 3515 637 3596; x_wconf 87' lang='lat' dir='ltr'><strong>quarto</strong></span> <span class='ocrx_word' id='word_1_242' title='bbox 656 3528 783 3593; x_wconf 91' lang='lat' dir='ltr'><strong>quoque</strong></span> <span class='ocrx_word' id='word_1_243' title='bbox 805 3508 884 3572; x_wconf 90' lang='lat' dir='ltr'><strong>libro</strong></span> <span class='ocrx_word' id='word_1_244' title='bbox 907 3528 926 3571; x_wconf 90' lang='lat' dir='ltr'><strong>a</strong></span> <span class='ocrx_word' id='word_1_245' title='bbox 948 3507 1098 3572; x_wconf 81' lang='lat' dir='ltr'><strong>Frontino</strong></span> <span class='ocrx_word' id='word_1_246' title='bbox 1124 3507 1192 3589; x_wconf 92' lang='lat' dir='ltr'><strong>ipso</strong></span> <span class='ocrx_word' id='word_1_247' title='bbox 1215 3506 1303 3569; x_wconf 84' lang='lat' dir='ltr'><strong>velut</strong></span> 
     </span>
     <span class='ocr_line' id='line_1_31' title="bbox 199 3610 1302 3702; baseline -0.014 -13"><span class='ocrx_word' id='word_1_248' title='bbox 199 3643 250 3690; x_wconf 90' lang='lat' dir='ltr'><strong>res</strong></span> <span class='ocrx_word' id='word_1_249' title='bbox 275 3621 402 3686; x_wconf 89' lang='lat' dir='ltr'><strong>residua</strong></span> <span class='ocrx_word' id='word_1_250' title='bbox 428 3619 474 3702; x_wconf 88' lang='lat' dir='ltr'><strong>(cf.</strong></span> <span class='ocrx_word' id='word_1_251' title='bbox 497 3617 590 3702; x_wconf 86' lang='lat' dir='ltr'><strong>prael.</strong></span> <span class='ocrx_word' id='word_1_252' title='bbox 611 3615 685 3679; x_wconf 87' lang='lat' dir='ltr'><strong>libri</strong></span> <span class='ocrx_word' id='word_1_253' title='bbox 711 3614 778 3695; x_wconf 86' lang='lat' dir='ltr'>IV.)</span> <span class='ocrx_word' id='word_1_254' title='bbox 804 3635 877 3679; x_wconf 90' lang='lat' dir='ltr'><strong>oum</strong></span> <span class='ocrx_word' id='word_1_255' title='bbox 904 3613 1005 3678; x_wconf 87' lang='lat' dir='ltr'><strong>tribus</strong></span> <span class='ocrx_word' id='word_1_256' title='bbox 1031 3611 1188 3697; x_wconf 88' lang='lat' dir='ltr'><strong>prioribus</strong></span> <span class='ocrx_word' id='word_1_257' title='bbox 1214 3610 1302 3675; x_wconf 91' lang='lat' dir='ltr'><strong>libris</strong></span> 
     </span>
     <span class='ocr_line' id='line_1_32' title="bbox 201 3718 1302 3815; baseline -0.012 -21"><span class='ocrx_word' id='word_1_258' title='bbox 201 3731 365 3794; x_wconf 89' lang='lat' dir='ltr'><strong>coniuncto</strong></span> <span class='ocrx_word' id='word_1_259' title='bbox 387 3725 530 3810; x_wconf 82' lang='lat' dir='ltr'><strong>exempla</strong></span> <span class='ocrx_word' id='word_1_260' title='bbox 552 3723 736 3808; x_wconf 86' lang='lat' dir='ltr'><strong>repperisset</strong></span> <span class='ocrx_word' id='word_1_261' title='bbox 757 3726 842 3815; x_wconf 87' lang='lat' dir='ltr'><strong>apta,</strong></span> <span class='ocrx_word' id='word_1_262' title='bbox 866 3739 946 3805; x_wconf 86' lang='lat' dir='ltr'><strong>quae</strong></span> <span class='ocrx_word' id='word_1_263' title='bbox 972 3718 1134 3784; x_wconf 88' lang='lat' dir='ltr'><strong>nonnullis</strong></span> <span class='ocrx_word' id='word_1_264' title='bbox 1157 3721 1302 3803; x_wconf 86' lang='lat' dir='ltr'><strong>stratege-</strong></span> 
     </span>
     <span class='ocr_line' id='line_1_33' title="bbox 200 3826 1302 3918; baseline -0.009 -19"><span class='ocrx_word' id='word_1_265' title='bbox 200 3839 306 3900; x_wconf 85' lang='lat' dir='ltr'><strong>maton</strong></span> <span class='ocrx_word' id='word_1_266' title='bbox 327 3832 493 3918; x_wconf 86' lang='lat' dir='ltr'><strong>generibus</strong></span> <span class='ocrx_word' id='word_1_267' title='bbox 511 3829 757 3914; x_wconf 85' lang='lat' dir='ltr'><strong>subgererentur,</strong></span> <span class='ocrx_word' id='word_1_268' title='bbox 781 3829 950 3912; x_wconf 88' lang='lat' dir='ltr'><strong>putavisse,</strong></span> <span class='ocrx_word' id='word_1_269' title='bbox 972 3828 1106 3911; x_wconf 87' lang='lat' dir='ltr'><strong>primam</strong></span> <span class='ocrx_word' id='word_1_270' title='bbox 1124 3826 1302 3910; x_wconf 72' lang='grc'><strong>666611661-</strong></span> 
     </span>
     <span class='ocr_line' id='line_1_34' title="bbox 201 3930 1303 4025; baseline -0.011 -18"><span class='ocrx_word' id='word_1_271' title='bbox 201 3963 285 4007; x_wconf 88' lang='lat' dir='ltr'><strong>mam</strong></span> <span class='ocrx_word' id='word_1_272' title='bbox 307 3946 426 4025; x_wconf 87' lang='lat' dir='ltr'><strong>partem</strong></span> <span class='ocrx_word' id='word_1_273' title='bbox 448 3939 548 4023; x_wconf 86' lang='lat' dir='ltr'><strong>operis</strong></span> <span class='ocrx_word' id='word_1_274' title='bbox 569 3935 763 4001; x_wconf 80' lang='lat' dir='ltr'><strong>Frontiniani</strong></span> <span class='ocrx_word' id='word_1_275' title='bbox 782 3936 861 4019; x_wconf 85' lang='lat' dir='ltr'><strong>aptis</strong></span> <span class='ocrx_word' id='word_1_276' title='bbox 878 3933 942 3998; x_wconf 90' lang='lat' dir='ltr'><strong>illis</strong></span> <span class='ocrx_word' id='word_1_277' title='bbox 960 3932 1112 4017; x_wconf 83' lang='lat' dir='ltr'><strong>exemplis</strong></span> <span class='ocrx_word' id='word_1_278' title='bbox 1129 3930 1303 4000; x_wconf 86' lang='lat' dir='ltr'><strong>inserendis</strong></span> 
     </span>
     <span class='ocr_line' id='line_1_35' title="bbox 202 4038 1303 4132; baseline -0.009 -20"><span class='ocrx_word' id='word_1_279' title='bbox 202 4045 415 4132; x_wconf 84' lang='lat' dir='ltr'><strong>complendam</strong></span> <span class='ocrx_word' id='word_1_280' title='bbox 453 4063 534 4128; x_wconf 87' lang='lat' dir='ltr'><strong>esse,</strong></span> <span class='ocrx_word' id='word_1_281' title='bbox 571 4041 656 4128; x_wconf 89' lang='lat' dir='ltr'><strong>quod</strong></span> <span class='ocrx_word' id='word_1_282' title='bbox 692 4045 730 4106; x_wconf 88' lang='lat' dir='ltr'><strong>ut</strong></span> <span class='ocrx_word' id='word_1_283' title='bbox 764 4040 865 4125; x_wconf 87' lang='lat' dir='ltr'><strong>fieret,</strong></span> <span class='ocrx_word' id='word_1_284' title='bbox 903 4039 1073 4106; x_wconf 85' lang='lat' dir='ltr'><strong>Frontinus</strong></span> <span class='ocrx_word' id='word_1_285' title='bbox 1109 4039 1177 4124; x_wconf 90' lang='lat' dir='ltr'><strong>ipse</strong></span> <span class='ocrx_word' id='word_1_286' title='bbox 1214 4038 1303 4122; x_wconf 83' lang='lat' dir='ltr'><strong>quasi</strong></span> 
     </span>
    </p>
   </div>
   <div class='ocr_carea' id='block_1_4' title="bbox 0 0 1543 4476">
    <p class='ocr_par' dir='ltr' id='par_1_5' title="bbox 0 0 1543 4476">
     <span class='ocr_line' id='line_1_36' title="bbox 0 0 1543 4476; baseline 0 0"><span class='ocrx_word' id='word_1_287' title='bbox 0 0 1543 4476; x_wconf 95' lang='lat' dir='ltr'><strong> </strong></span> 
     </span>
    </p>
   </div>
  </div>
 </body>
</html>
