3046 4476
812 203 853 266 60

728 295 935 303 ..---.-.---,-.-

279 421 408 483 earuu;
429 405 481 466 str.
497 400 521 464 Ι.
545 407 573 483 1,
600 407 613 466 1
640 419 859 482 unaquaeque
881 398 1036 480 urbiun;·
1051 396 1106 462 sed
1128 397 1167 461 de
1185 416 1255 479 equ.
1270 399 1324 477 22,
1346 399 1383 458 13

280 529 425 592 quaeque
446 529 552 591 aqua;
574 513 604 590 2,
630 513 669 572 13
693 506 874 589 uuicuique
895 505 1031 590 reqioni.

365 615 391 696 f)
419 612 492 678 Duo
524 613 667 696 exempla
697 613 899 696 investigavi,
937 630 1016 696 quae
1052 609 1277 694 superlativum
1313 626 1385 671 eum

278 740 382 806 praep.
405 743 444 789 ea
466 721 669 786 coniunctum
691 719 853 804 praebent,
877 723 929 783 str.
948 718 972 781 Ι.
994 723 1043 800 11,
1065 721 1103 781 18
1127 713 1386 798 infirmissimum

279 848 434 911 quemque
457 847 496 894 ea
518 826 753 909 auxiliaribus
774 825 832 890 HI.
850 831 899 908 10,
917 831 934 889 8
952 847 969 890 e
986 823 1126 892 nauibus
1143 821 1386 902 uelocissimum

278 935 422 1000 similiter
449 953 522 998 cum
546 952 623 998 voce
650 933 805 998 numerali
832 931 965 996 ordinali
992 936 1044 994 str.
1067 929 1122 993 IV.
1149 937 1175 996 1.
1200 934 1243 994 34
1269 949 1309 994 an
1334 928 1386 994 bis

278 1041 433 1108 dedmum
452 1061 624 1124 quemque;
645 1041 810 1124 genetivus
828 1043 932 1102 exstat
954 1042 1006 1101 str.
1021 1036 1062 1103 11.
1079 1042 1108 1118 3,
1132 1042 1150 1101 3
1174 1034 1386 1119 fortissimum

279 1147 608 1231 quenquennium
631 1152 660 1229 3,
677 1151 718 1210 22
734 1145 943 1212 uelocissimos
955 1143 1119 1228 peditam
1138 1150 1166 1224 8,
1185 1145 1224 1206 14
1235 1142 1386 1226 fidelissi·

277 1274 346 1320 mos
367 1253 528 1336 equilum·
549 1251 607 1316 ΙΠ.
632 1259 660 1334 3,
684 1258 701 1317 7
726 1249 919 1334 fniissimos
940 1250 1164 1318 Macedonum.
1498 1249 1499 1278 l

365 1359 613 1444 Praepositiones
640 1360 679 1425 de
706 1363 736 1423 et
767 1359 863 1440 inter,
896 1376 978 1441 quae
1010 1357 1049 1420 ab
1081 1358 1151 1422 aliis
1182 1356 1386 1442 scriptoribus

278 1467 347 1531 loco
374 1467 510 1550 genetivi
535 1467 570 1529 in
596 1466 693 1528 latino
720 1483 862 1530 sermone
893 1469 1097 1549 usurpantur,
1129 1462 1168 1527 ab
1201 1483 1263 1529 usu
1289 1463 1385 1528 Fron·

276 1574 397 1637 tiniano
429 1573 608 1651 abhorrent,
642 1591 746 1656 neque
772 1572 873 1635 utitur
899 1569 1071 1636 Frontinus
1098 1589 1201 1654 praep.
1229 1570 1282 1644 in,
1311 1589 1385 1634 nam

198 1715 202 1722 -
277 1684 331 1743 str.
354 1678 378 1743 Ι.
404 1685 432 1760 4,
458 1685 523 1744 131
546 1678 674 1761 aliquid
697 1678 736 1744 in
754 1678 997 1745 condicionibus
1013 1683 1166 1746 natanael
1188 1679 1385 1743 enuntiatum

277 1785 317 1852 in
326 1784 569 1853 condicionibus
579 1805 597 1848 a
606 1784 701 1849 verbo
715 1785 877 1850 retexendi
891 1785 1025 1869 pendere
1038 1790 1122 1869 puto.
1155 1782 1202 1847 De
1217 1804 1288 1868 aqu,
1301 1789 1350 1867 12,
1365 1791 1382 1848 7

278 1890 902 1976 111111,1111111111111111111111111,
917 1891 1091 1956 Buecheler
1105 1892 1229 1974 scripsit
1243 1911 1387 1958 sumnus

277 1998 317 2065 in
339 1998 404 2081 bis,
429 2017 470 2063 ex
498 1998 622 2062 dicendi
649 2017 711 2062 usu
738 1997 952 2080 1111111111,
980 2017 1074 2081 quam
1102 1998 1194 2086 modo
1221 1999 1386 2084 explicavi,

227 2129 242 2160 v
278 2125 424 2170 summus
446 2126 485 2171 ea
507 2104 559 2171 bis
580 2104 780 2169 scribendum
804 2123 872 2169 esse
895 2110 1029 2189 apparet.

366 2207 396 2276 2.
419 2210 578 2276 Nonnulla
596 2210 738 2275 addenda
756 2216 831 2276 sunt
849 2211 888 2275 de
905 2211 1129 2275 adiectivorum
1147 2213 1385 2278 constructione.

366 2318 603 2382 Adiectivorum
619 2320 734 2402 copiae,
749 2319 874 2402 inopiae
884 2322 987 2383 exstet
997 2317 1125 2401 plenas,
1144 2319 1237 2402 quod,
1257 2320 1386 2384 classim

277 2428 415 2509 tempore
446 2425 632 2509 plerumque
659 2445 730 2489 cum
761 2426 905 2510 genetivo
933 2429 1159 2507 constructum,
1191 2446 1210 2488 a
1237 2423 1386 2490 Frontino

278 2532 402 2613 saepius
420 2550 493 2594 cum
508 2530 643 2596 ablativo
659 2534 733 2616 poni
749 2532 835 2614 solet,
854 2532 890 2596 cf.
907 2536 990 2596 strat.
1005 2530 1046 2596 Π.
1066 2537 1115 2613 13,
1137 2538 1151 2594 1
1166 2529 1257 2613 flalu
1270 2531 1388 2615 plena,·

277 2634 333 2700 IV.
352 2643 382 2720 7,
403 2639 421 2698 9
440 2637 613 2721 amphoras
625 2638 697 2722 pice
715 2642 745 2704 ei
762 2639 856 2706 laeda
870 2639 1003 2722 plenas·
1021 2644 1051 2720 7,
1068 2638 1253 2705 lacusculo
1270 2639 1388 2722 ripaue

274 2741 391 2826 plenu·
411 2746 576 2828 genetivus
594 2749 696 2809 exstat
713 2750 765 2809 str.
783 2745 808 2808 L
830 2750 879 2828 11,
902 2752 923 2810 4
945 2744 1131 2828 iniquitatis
1149 2749 1179 2811 11
1195 2745 1387 2813 insolentiae

273 2849 406 2933 plenas;
426 2849 467 2914 11.
488 2856 516 2933 4,
538 2857 575 2915 17
600 2851 746 2920 valvicula
770 2853 880 2920 laedae
903 2857 933 2918 et
954 2851 1018 2920 sebi
1040 2857 1069 2918 el
1092 2851 1258 2936 sulphuris
1275 2853 1386 2937 plena

279 2992 320 3002 -
338 2954 445 3021 Cetera
459 2957 555 3022 huius
569 2958 655 3022 modi
671 2958 824 3022 adiectivu
838 2957 1009 3023 Frontinus
1024 2976 1147 3043 semper
1162 2977 1234 3022 cum
1250 2959 1386 3024 ablativo

278 3063 442 3145 construit,
465 3063 503 3126 de
526 3063 642 3147 quibus
664 3084 756 3149 11111
778 3064 838 3130 sub
862 3065 1006 3130 ablativo.

366 3168 413 3234 De
423 3169 591 3254 adiectivis,
604 3190 686 3255 quae
695 3177 771 3237 1111
774 3173 911 3256 peritus,
926 3172 1105 3256 imperitus,
1121 3173 1246 3255 auidus,
1257 3194 1385 3256 memor,

278 3274 442 3359 similibus
452 3277 529 3339 nihil
538 3281 831 3344 commemoratione
840 3279 970 3363 dignum
986 3281 1156 3346 invenitur.
1166 3317 1208 3328 -
1218 3279 1269 3344 Ad
1285 3285 1388 3363 poste·

277 3383 375 3447 riores
394 3385 559 3468 scriptores
583 3403 617 3448 se
641 3386 775 3471 applicat
793 3385 961 3451 Frontinus
981 3387 1030 3450 his
1049 3386 1214 3470 exemplis:
1238 3387 1388 3454 indocilis

278 3487 403 3574 (Draeg.
412 3490 437 3556 I.
451 3510 502 3575 pg.
515 3492 588 3570 475)
602 3495 654 3554 str.
664 3491 688 3557 I.
706 3498 755 3574 11,
773 3498 811 3557 13
826 3492 967 3559 calionis
980 3493 1115 3560 indocili
1128 3493 1243 3578 miliia
1256 3514 1388 3560 secunus

277 3600 329 3659 str.
338 3595 395 3659 ΙΠ.
407 3601 435 3678 2,
451 3601 469 3660 2
484 3597 605 3664 securis
618 3599 774 3665 innoxiae
786 3600 1038 3682 consuetudinis,
1053 3601 1099 3664 sic
1108 3599 1386 3684 Hor.,Verg.,Vell.

278 3700 815 3787 (11.1)111111317911111111111
825 3705 1030 3789 aVerg.,Hcr.
1040 3707 1238 3791 cpudpoetos
1249 3711 1386 3792 etposte-

277 3808 375 3873 riores
388 3807 511 3894 (Draeg.
526 3808 550 3876 I.
563 3831 612 3894 pg.
629 3813 717 3890 482):
734 3817 787 3875 str.
797 3811 851 3877 IV.
869 3817 926 3893 2,9
944 3812 1029 3878 oinos
1044 3813 1234 3897 disciplinae
1250 3818 1384 3882 leuans.

365 3915 416 3979 Ad
439 3915 628 3981 adiectivnm
650 3923 803 3985 constans
826 3919 944 3982 accedit
962 3923 1046 3982 strat
1065 3917 1106 3983 II.
1127 3925 1156 4002 3,
1182 3926 1196 3982 1
1222 3921 1386 4003 genetivus

278 4021 396 4104 animi,
422 4025 476 4107 qui
495 4025 668 4089 aeuiusvis
684 4026 753 4089 aevi
776 4020 978 4110 scriptoribus
997 4029 1028 4090 et
1050 4044 1122 4089 cum
1141 4025 1246 4090 verbis
1265 4032 1296 4091 et
1314 4045 1384 4091 cum
