3046 4476
663 321 819 434 Vita.

269 587 371 653 Natus
395 607 468 652 sum
490 587 717 656 Frederious
740 587 855 653 Kortz
879 590 911 652 in
931 575 1114 672 provinciae
1130 587 1303 652 Rhenanae

138 723 140 728 ·
178 695 294 780 oppido
318 695 420 760 Steele
444 696 484 760 ad
506 696 626 762 Ruram
649 699 710 762 sito
733 717 759 760 a.
784 696 812 761 d.
830 695 885 760 VI.
902 695 972 760 Kal.
992 694 1083 760 Mart.
1106 697 1183 759 anni
1204 696 1312 760 huius

178 803 297 866 saeculi
332 799 449 868 LXVI.
478 809 566 889 patre
603 804 833 885 Hermann0,
869 808 969 868 matre
1004 799 1117 868 Clara
1154 821 1172 867 e
1208 807 1302 888 gente
1434 808 1438 816 '

177 907 358 992 Ruetber,
382 931 519 994 quorum
536 912 630 976 illum
646 915 845 996 praematura
860 915 961 976 morte
977 911 1057 974 mihi
1073 915 1218 995 ereptum
1233 927 1302 974 esse

179 1015 284 1100 lugeo,
297 1017 378 1080 hane
393 1018 592 1101 superstitem
608 1036 678 1083 esse
693 1019 786 1082 ralde
801 1017 932 1102 gaudeo.
960 1015 1050 1082 Fidei
1065 1016 1211 1084 addictus
1229 1036 1301 1080 sum

178 1123 373 1200 catholicae„
402 1122 594 1188 Litterarum
611 1125 775 1189 elementis
797 1125 832 1188 in
855 1143 1026 1209 puerorum
1048 1123 1124 1189 ludo
1148 1124 1302 1208 orphano-

178 1230 302 1314 trophei
330 1231 409 1315 regii
437 1229 606 1296 Steelensis
636 1231 809 1311 imbutum,
841 1233 876 1296 in
909 1231 994 1315 quod
1027 1232 1170 1315 quinque
1202 1249 1302 1294 annos

180 1341 273 1401 natus
282 1344 425 1422 receptus
435 1357 516 1421 sum,
525 1343 629 1402 rector
637 1339 707 1402 eius
717 1333 923 1422 spiritualisd
929 1335 1303 1402 oannesDoebbener

177 1443 221 1508 ad
252 1443 359 1507 studia
389 1444 577 1510 humaniora
604 1465 656 1510 me
683 1446 848 1510 instruxit.
899 1444 984 1510 Huie
1010 1447 1079 1508 viro
1107 1464 1166 1509 nee
1192 1445 1300 1509 minus

178 1550 386 1614 Guilielnro
404 1550 531 1616 Buseb
548 1551 763 1636 gubernatori,
788 1554 843 1637 qui
859 1553 972 1634 studiis
988 1553 1066 1616 meis
1085 1556 1150 1616 tam
1165 1551 1302 1636 benigne
1356 1565 1358 1568 ’

177 1657 336 1750 iavenmt,
359 1658 530 1741 plurimam
552 1657 850 1743 meritissimamque
873 1678 924 1724 me
947 1658 1062 1724 debere
1079 1660 1215 1742 gratiam
1229 1678 1302 1743 pro·

176 1764 277 1829 fiteor.
326 1763 449 1829 Deinde
480 1784 536 1849 per
567 1783 626 1856 sex
658 1784 759 1830 annos
792 1771 823 1830 et
854 1785 913 1831 sex
944 1785 1070 1832 menses
1100 1766 1300 1849 frequentavi

176 1873 383 1956 gymnasium
406 1871 624 1955 Essendiense,
649 1873 734 1958 quod
756 1881 831 1938 vere
854 1894 880 1938 a.
896 1874 926 1937 h.¹
943 1894 966 1940 s.
990 1871 1192 1937 LXXXVII.
1212 1873 1301 1936 testi-

179 1980 286 2042 monio
320 1979 405 2063 quod
437 1969 552 2067 vooant
577 1981 785 2063 maturitatis
802 1983 946 2045 munitus
978 1980 1115 2065 reliqui.'
1146 1977 1301 2044 Eiusdem

177 2087 257 2149 anni
292 2105 403 2151 mense
434 2087 551 2172 Aprili,
587 2092 625 2151 ut
656 2089 690 2151 in
721 2088 910 2172 philologiae
943 2089 1047 2152 studia
1076 2083 1301 2168 meumberem,

180 2194 417 2258 universitatem
444 2194 647 2259 Bonnensem
674 2194 752 2277 adii,
784 2194 842 2259 ubi
873 2214 931 2280 per
963 2196 1022 2259 trie
1054 2195 1217 2260 semestris
1249 2213 1301 2258 me

178 2298 1301 2387 docueruntV.V.D.D.Birlinger(†),Bischofi(†),Buecheler,

177 2405 338 2488 Franek,
356 2407 515 2490 Kekule,
533 2407 661 2491 Klein,
679 2386 917 2494 Lampreeht,
934 2407 1194 2491 Neuhaeuser,
1211 2407 1301 2473 Piu-

179 2515 283 2597 mati,
307 2513 465 2597 Usener,
487 2515 744 2597 Wiedemann,
767 2514 988 2597 Wilmanns,
1011 2514 1132 2579 Witte.
1177 2514 1300 2580 Deinde

177 2620 305 2685 civibus
327 2623 544 2696 universitatis
567 2620 780 2686 Berolinensis
803 2621 979 2707 adscriptus
1002 2642 1083 2705 sum,
1107 2620 1163 2685 ubi
1186 2622 1300 2686 scholis

178 2727 309 2792 interfui
341 2748 419 2812 quas
452 2728 631 2793 habuerunt
653 2728 733 2794 Π.
761 2727 798 2792 D.
809 2727 847 2793 D.
876 2727 911 2792 Ε.
940 2727 1106 2812 Curtius,
1134 2726 1300 2812 Dilthey,

178 2833 358 2919 Doering,
390 2834 652 2920 EbbinghauS,
682 2835 832 2919 Geiger,
863 2834 1056 2919 Hdebner,
1088 2835 1300 2919 Xirehhoff,

179 2939 358 3024 Paulson,
373 2941 528 3025 Robert,
543 2941 743 3028 Roediger,
757 2941 793 3008 Ε.
810 2941 991 3032 Schmidt,
1008 2942 1051 3007 de
1066 2942 1300 3025 Treitsehlre,

178 3048 329 3114 Vahlen.
375 3048 452 3114 Post
475 3050 538 3114 duo
562 3052 724 3115 semestria
754 3050 794 3114 ad
822 3049 1013 3134 perficienda
1038 3049 1143 3114 studia
1169 3050 1203 3112 in
1230 3069 1301 3114 aea·
1375 3098 1377 3106 .

177 3156 317 3222 demiam
357 3156 656 3242 Monasteriensem
682 3177 735 3222 me
781 3157 917 3239 contuli,
957 3155 1015 3220 ubi
1055 3175 1112 3240 per
1152 3161 1301 3240 quattuor

176 3266 343 3330 semestris
361 3265 508 3330 docentes
526 3263 635 3329 audivi
650 3264 730 3329 Π.
746 3263 783 3330 D.
794 3264 833 3329 D.
856 3264 1020 3349 Langen,
1043 3263 1299 3345 Milebboeier,
1353 3329 1355 3334 ,

176 3370 349 3456 Spieker,
377 3371 496 3456 Stahl,
525 3371 666 3437 Storelr.
717 3371 887 3438 Seminarii
915 3373 995 3457 regii
1024 3370 1217 3455 philologici,
1247 3373 1300 3436 eui

178 3484 328 3563 praesunt
353 3478 506 3566 Langen
533 3484 565 3544 et
591 3479 709 3562 Stahl,
740 3479 877 3565 perbis
909 3498 1002 3544 aenos
1030 3496 1155 3542 menses
1183 3476 1299 3542 sodalis

150 3579 357 3652 'ordinarius
388 3587 451 3671 lui,
482 3587 766 3654 exercitationibus
801 3587 1004 3672 germanicis,
1036 3589 1074 3648 ut
1104 3586 1298 3666 interessem,

178 3692 314 3780 benigne
336 3697 480 3780 permisit
502 3693 642 3762 Storelr.

269 3799 425 3868 Omnibus
447 3803 522 3868 viris
541 3801 623 3868 bene
646 3801 685 3868 de
708 3820 760 3866 me
782 3800 902 3865 meritis
924 3799 1077 3885 plurimas
1100 3800 1216 3883 gratias
1239 3817 1299 3882 ego

176 3927 366 3995 semperque
389 3910 518 3976 habebo.
1018 3913 1020 3919 “

674 4071 743 4078 ---.
764 4073 792 4077 ---
798 4072 845 4078 ..—
