<?xml version="1.0" encoding="UTF-8"?>
<!DOCTYPE html PUBLIC "-//W3C//DTD XHTML 1.0 Transitional//EN"
    "http://www.w3.org/TR/xhtml1/DTD/xhtml1-transitional.dtd">
<html xmlns="http://www.w3.org/1999/xhtml" xml:lang="en" lang="en">
 <head>
  <title>
</title>
<meta http-equiv="Content-Type" content="text/html;charset=utf-8" />
  <meta name='ocr-system' content='tesseract 3.04.00' />
  <meta name='ocr-capabilities' content='ocr_page ocr_carea ocr_par ocr_line ocrx_word'/>
</head>
<body>
  <div class='ocr_page' id='page_1' title='image "./quaestionesgram00kortgoog_0068.png"; bbox 0 0 3046 4476; ppageno 0'>
   <div class='ocr_carea' id='block_1_1' title="bbox 638 212 707 290">
    <p class='ocr_par' dir='ltr' id='par_1_1' title="bbox 638 212 707 290">
     <span class='ocr_line' id='line_1_1' title="bbox 638 212 707 290; baseline 0.029 -12"><span class='ocrx_word' id='word_1_1' title='bbox 638 212 707 290; x_wconf 84' lang='grc' dir='ltr'><strong>Ι63</strong></span> 
     </span>
    </p>
   </div>
   <div class='ocr_carea' id='block_1_2' title="bbox 132 404 1242 1030">
    <p class='ocr_par' dir='ltr' id='par_1_2' title="bbox 132 404 1242 1030">
     <span class='ocr_line' id='line_1_2' title="bbox 165 404 1242 495; baseline 0.001 -23"><span class='ocrx_word' id='word_1_2' title='bbox 165 467 179 476; x_wconf 87' lang='grc'><strong>.,</strong></span> <span class='ocrx_word' id='word_1_3' title='bbox 221 404 250 473; x_wconf 76' lang='grc'><strong>7.</strong></span> <span class='ocrx_word' id='word_1_4' title='bbox 269 408 317 474; x_wconf 92' lang='lat' dir='ltr'><strong>De</strong></span> <span class='ocrx_word' id='word_1_5' title='bbox 335 411 445 475; x_wconf 88' lang='lat' dir='ltr'><strong>ceteris</strong></span> <span class='ocrx_word' id='word_1_6' title='bbox 462 411 600 494; x_wconf 87' lang='lat' dir='ltr'><strong>genetivi</strong></span> <span class='ocrx_word' id='word_1_7' title='bbox 617 411 767 495; x_wconf 76' lang='lat' dir='ltr'><strong>partibor,</strong></span> <span class='ocrx_word' id='word_1_8' title='bbox 786 415 822 474; x_wconf 93' lang='lat' dir='ltr'><strong>ut</strong></span> <span class='ocrx_word' id='word_1_9' title='bbox 840 410 879 474; x_wconf 92' lang='lat' dir='ltr'><strong>de</strong></span> <span class='ocrx_word' id='word_1_10' title='bbox 893 411 1038 494; x_wconf 84' lang='lat' dir='ltr'><strong>genetivo</strong></span> <span class='ocrx_word' id='word_1_11' title='bbox 1052 409 1242 494; x_wconf 87' lang='lat' dir='ltr'><strong>possessivo,</strong></span> 
     </span>
     <span class='ocr_line' id='line_1_3' title="bbox 134 515 1242 599; baseline 0.002 -21"><span class='ocrx_word' id='word_1_12' title='bbox 134 516 240 599; x_wconf 87' lang='lat' dir='ltr'><strong>pretii,</strong></span> <span class='ocrx_word' id='word_1_13' title='bbox 271 515 373 581; x_wconf 78' lang='lat' dir='ltr'><strong>iusim</strong></span> <span class='ocrx_word' id='word_1_14' title='bbox 395 517 612 581; x_wconf 87' lang='lat' dir='ltr'><strong>disserendum</strong></span> <span class='ocrx_word' id='word_1_15' title='bbox 633 536 699 581; x_wconf 90' lang='lat' dir='ltr'><strong>non</strong></span> <span class='ocrx_word' id='word_1_16' title='bbox 725 522 786 596; x_wconf 84' lang='lat' dir='ltr'><strong>est3</strong></span> <span class='ocrx_word' id='word_1_17' title='bbox 814 516 849 581; x_wconf 92' lang='lat' dir='ltr'><strong>id</strong></span> <span class='ocrx_word' id='word_1_18' title='bbox 876 520 998 580; x_wconf 87' lang='lat' dir='ltr'><strong>tontum</strong></span> <span class='ocrx_word' id='word_1_19' title='bbox 1026 516 1109 597; x_wconf 90' lang='lat' dir='ltr'><strong>dico,</strong></span> <span class='ocrx_word' id='word_1_20' title='bbox 1132 515 1242 580; x_wconf 87' lang='lat' dir='ltr'><strong>huius-</strong></span> 
     </span>
     <span class='ocr_line' id='line_1_4' title="bbox 133 621 1240 708; baseline 0 -23"><span class='ocrx_word' id='word_1_21' title='bbox 133 621 219 685; x_wconf 88' lang='lat' dir='ltr'><strong>modi</strong></span> <span class='ocrx_word' id='word_1_22' title='bbox 251 622 395 707; x_wconf 82' lang='lat' dir='ltr'><strong>axempla</strong></span> <span class='ocrx_word' id='word_1_23' title='bbox 426 643 551 708; x_wconf 88' lang='lat' dir='ltr'><strong>perraro</strong></span> <span class='ocrx_word' id='word_1_24' title='bbox 583 627 616 688; x_wconf 91' lang='lat' dir='ltr'><strong>in</strong></span> <span class='ocrx_word' id='word_1_25' title='bbox 641 623 850 688; x_wconf 59' lang='lat' dir='ltr'><strong>honboianis</strong></span> <span class='ocrx_word' id='word_1_26' title='bbox 883 624 1006 707; x_wconf 89' lang='lat' dir='ltr'><strong>scriptis</strong></span> <span class='ocrx_word' id='word_1_27' title='bbox 1038 621 1240 707; x_wconf 88' lang='lat' dir='ltr'><strong>deprehendi;</strong></span> 
     </span>
     <span class='ocr_line' id='line_1_5' title="bbox 133 727 1240 814; baseline 0 -23"><span class='ocrx_word' id='word_1_28' title='bbox 133 747 207 812; x_wconf 84' lang='lat' dir='ltr'><strong>nam</strong></span> <span class='ocrx_word' id='word_1_29' title='bbox 224 728 325 794; x_wconf 87' lang='lat' dir='ltr'><strong>tribus</strong></span> <span class='ocrx_word' id='word_1_30' title='bbox 344 734 467 794; x_wconf 90' lang='lat' dir='ltr'><strong>tantum</strong></span> <span class='ocrx_word' id='word_1_31' title='bbox 488 731 565 795; x_wconf 90' lang='lat' dir='ltr'><strong>locis</strong></span> <span class='ocrx_word' id='word_1_32' title='bbox 588 735 650 814; x_wconf 79' lang='lat' dir='ltr'><strong>(str.</strong></span> <span class='ocrx_word' id='word_1_33' title='bbox 670 730 693 796; x_wconf 76' lang='lat' dir='ltr'>L</span> <span class='ocrx_word' id='word_1_34' title='bbox 715 738 744 812; x_wconf 83' lang='lat'><strong>4,</strong></span> <span class='ocrx_word' id='word_1_35' title='bbox 769 736 846 809; x_wconf 81' lang='lat' dir='ltr'><strong>13a3</strong></span> <span class='ocrx_word' id='word_1_36' title='bbox 869 729 910 796; x_wconf 90' lang='grc' dir='ltr'><strong>Π.</strong></span> <span class='ocrx_word' id='word_1_37' title='bbox 930 737 960 811; x_wconf 80' lang='grc'><strong>5,</strong></span> <span class='ocrx_word' id='word_1_38' title='bbox 981 736 1035 808; x_wconf 87' lang='grc'><strong>19;</strong></span> <span class='ocrx_word' id='word_1_39' title='bbox 1058 727 1113 792; x_wconf 90' lang='lat' dir='ltr'><strong>IV.</strong></span> <span class='ocrx_word' id='word_1_40' title='bbox 1138 736 1167 810; x_wconf 80' lang='lat' dir='ltr'><strong>o,</strong></span> <span class='ocrx_word' id='word_1_41' title='bbox 1188 731 1240 806; x_wconf 81' lang='grc'><strong>14)</strong></span> 
     </span>
     <span class='ocr_line' id='line_1_6' title="bbox 132 835 1242 921; baseline 0.002 -24"><span class='ocrx_word' id='word_1_42' title='bbox 132 836 276 917; x_wconf 88' lang='lat' dir='ltr'><strong>genetivo</strong></span> <span class='ocrx_word' id='word_1_43' title='bbox 302 838 491 919; x_wconf 87' lang='lat' dir='ltr'><strong>possessivo,</strong></span> <span class='ocrx_word' id='word_1_44' title='bbox 519 837 643 900; x_wconf 91' lang='lat' dir='ltr'><strong>duobus</strong></span> <span class='ocrx_word' id='word_1_45' title='bbox 671 836 739 919; x_wconf 84' lang='lat' dir='ltr'><strong>(III.</strong></span> <span class='ocrx_word' id='word_1_46' title='bbox 764 844 797 919; x_wconf 89' lang='lat'><strong>5,</strong></span> <span class='ocrx_word' id='word_1_47' title='bbox 821 844 839 901; x_wconf 87' lang='lat'><strong>5</strong></span> <span class='ocrx_word' id='word_1_48' title='bbox 862 835 1065 921; x_wconf 70' lang='lat' dir='ltr'><strong>placiacum</strong></span> <span class='ocrx_word' id='word_1_49' title='bbox 1087 835 1242 916; x_wconf 58' lang='lat' dir='ltr'><strong>veodam</strong></span> 
     </span>
     <span class='ocr_line' id='line_1_7' title="bbox 132 939 967 1030; baseline 0.005 -28"><span class='ocrx_word' id='word_1_50' title='bbox 132 939 188 1030; x_wconf 56' lang='lat' dir='ltr'><strong>IV,</strong></span> <span class='ocrx_word' id='word_1_51' title='bbox 214 947 242 1024; x_wconf 94' lang='lat'><strong>1,</strong></span> <span class='ocrx_word' id='word_1_52' title='bbox 266 947 304 1005; x_wconf 88' lang='grc'><strong>41</strong></span> <span class='ocrx_word' id='word_1_53' title='bbox 331 943 417 1009; x_wconf 77' lang='lat' dir='ltr'><strong>iocati</strong></span> <span class='ocrx_word' id='word_1_54' title='bbox 439 946 513 1024; x_wconf 82' lang='lat' dir='ltr'><strong>esee)</strong></span> <span class='ocrx_word' id='word_1_55' title='bbox 535 945 678 1027; x_wconf 87' lang='lat' dir='ltr'><strong>genetivo</strong></span> <span class='ocrx_word' id='word_1_56' title='bbox 701 945 790 1029; x_wconf 86' lang='lat' dir='ltr'><strong>prelii</strong></span> <span class='ocrx_word' id='word_1_57' title='bbox 813 961 890 1006; x_wconf 89' lang='lat' dir='ltr'><strong>usus</strong></span> <span class='ocrx_word' id='word_1_58' title='bbox 913 949 967 1007; x_wconf 89' lang='lat' dir='ltr'><strong>est.</strong></span> 
     </span>
    </p>
   </div>
   <div class='ocr_carea' id='block_1_3' title="bbox 514 1119 898 1225">
    <p class='ocr_par' dir='ltr' id='par_1_3' title="bbox 514 1119 898 1225">
     <span class='ocr_line' id='line_1_8' title="bbox 514 1119 898 1225; baseline 0.003 -40"><span class='ocrx_word' id='word_1_59' title='bbox 514 1120 550 1188; x_wconf 78' lang='lat'><strong>4.</strong></span> <span class='ocrx_word' id='word_1_60' title='bbox 581 1119 637 1188; x_wconf 82' lang='lat' dir='ltr'><strong>lle</strong></span> <span class='ocrx_word' id='word_1_61' title='bbox 660 1120 861 1225; x_wconf 81' lang='lat' dir='ltr'><strong>ablativo.</strong></span> <span class='ocrx_word' id='word_1_62' title='bbox 896 1193 898 1200; x_wconf 61' lang='grc'><strong>,</strong></span> 
     </span>
    </p>
   </div>
   <div class='ocr_carea' id='block_1_4' title="bbox 58 1259 1366 4128">
    <p class='ocr_par' dir='ltr' id='par_1_4' title="bbox 131 1259 1241 1449">
     <span class='ocr_line' id='line_1_9' title="bbox 219 1259 1241 1346; baseline -0.002 -22"><span class='ocrx_word' id='word_1_63' title='bbox 219 1259 290 1325; x_wconf 88' lang='lat' dir='ltr'><strong>Non</strong></span> <span class='ocrx_word' id='word_1_64' title='bbox 313 1263 357 1324; x_wconf 84' lang='lat' dir='ltr'><strong>ita</strong></span> <span class='ocrx_word' id='word_1_65' title='bbox 378 1262 491 1342; x_wconf 89' lang='lat' dir='ltr'><strong>multa,</strong></span> <span class='ocrx_word' id='word_1_66' title='bbox 517 1281 598 1346; x_wconf 89' lang='lat' dir='ltr'><strong>quae</strong></span> <span class='ocrx_word' id='word_1_67' title='bbox 620 1283 639 1326; x_wconf 89' lang='lat' dir='ltr'><strong>a</strong></span> <span class='ocrx_word' id='word_1_68' title='bbox 661 1264 826 1327; x_wconf 90' lang='lat' dir='ltr'><strong>meliorum</strong></span> <span class='ocrx_word' id='word_1_69' title='bbox 849 1264 1036 1346; x_wconf 90' lang='lat' dir='ltr'><strong>scriptorum</strong></span> <span class='ocrx_word' id='word_1_70' title='bbox 1064 1281 1123 1325; x_wconf 87' lang='lat' dir='ltr'><strong>usu</strong></span> <span class='ocrx_word' id='word_1_71' title='bbox 1147 1261 1241 1324; x_wconf 89' lang='lat' dir='ltr'><strong>huius</strong></span> 
     </span>
     <span class='ocr_line' id='line_1_10' title="bbox 131 1367 1050 1449; baseline 0.002 -19"><span class='ocrx_word' id='word_1_72' title='bbox 131 1385 224 1431; x_wconf 84' lang='lat' dir='ltr'><strong>casus</strong></span> <span class='ocrx_word' id='word_1_73' title='bbox 246 1367 349 1432; x_wconf 77' lang='lat' dir='ltr'><strong>ahena</strong></span> <span class='ocrx_word' id='word_1_74' title='bbox 370 1373 458 1449; x_wconf 86' lang='lat' dir='ltr'><strong>sunt,</strong></span> <span class='ocrx_word' id='word_1_75' title='bbox 480 1369 515 1431; x_wconf 89' lang='lat' dir='ltr'><strong>in</strong></span> <span class='ocrx_word' id='word_1_76' title='bbox 537 1367 749 1434; x_wconf 82' lang='lat' dir='ltr'><strong>Frontinianis</strong></span> <span class='ocrx_word' id='word_1_77' title='bbox 770 1370 859 1434; x_wconf 87' lang='lat' dir='ltr'><strong>libris</strong></span> <span class='ocrx_word' id='word_1_78' title='bbox 882 1368 1050 1434; x_wconf 86' lang='lat' dir='ltr'><strong>offendunt</strong></span> 
     </span>
    </p>

    <p class='ocr_par' dir='ltr' id='par_1_5' title="bbox 129 1469 1366 2625">
     <span class='ocr_line' id='line_1_11' title="bbox 221 1469 1240 1561; baseline -0.001 -26"><span class='ocrx_word' id='word_1_79' title='bbox 221 1469 250 1537; x_wconf 94' lang='lat'><strong>1.</strong></span> <span class='ocrx_word' id='word_1_80' title='bbox 265 1473 303 1537; x_wconf 92' lang='lat' dir='ltr'><strong>In</strong></span> <span class='ocrx_word' id='word_1_81' title='bbox 313 1476 542 1540; x_wconf 85' lang='lat' dir='ltr'><strong>constructione</strong></span> <span class='ocrx_word' id='word_1_82' title='bbox 552 1474 728 1560; x_wconf 87' lang='lat' dir='ltr'><strong>verborum,</strong></span> <span class='ocrx_word' id='word_1_83' title='bbox 744 1495 825 1560; x_wconf 90' lang='lat' dir='ltr'><strong>quae</strong></span> <span class='ocrx_word' id='word_1_84' title='bbox 836 1475 1000 1561; x_wconf 90' lang='lat' dir='ltr'><strong>separandi</strong></span> <span class='ocrx_word' id='word_1_85' title='bbox 1014 1473 1240 1559; x_wconf 86' lang='lat' dir='ltr'><strong>significatione</strong></span> 
     </span>
     <span class='ocr_line' id='line_1_12' title="bbox 129 1577 1240 1667; baseline -0.001 -25"><span class='ocrx_word' id='word_1_86' title='bbox 129 1577 272 1663; x_wconf 85' lang='lat' dir='ltr'><strong>praedita</strong></span> <span class='ocrx_word' id='word_1_87' title='bbox 293 1585 381 1662; x_wconf 87' lang='lat' dir='ltr'><strong>sunt,</strong></span> <span class='ocrx_word' id='word_1_88' title='bbox 408 1582 547 1645; x_wconf 82' lang='lat' dir='ltr'><strong>maxima</strong></span> <span class='ocrx_word' id='word_1_89' title='bbox 574 1581 702 1665; x_wconf 90' lang='lat' dir='ltr'><strong>quidem</strong></span> <span class='ocrx_word' id='word_1_90' title='bbox 729 1601 770 1647; x_wconf 87' lang='lat' dir='ltr'><strong>ex</strong></span> <span class='ocrx_word' id='word_1_91' title='bbox 797 1588 883 1667; x_wconf 89' lang='lat' dir='ltr'><strong>parte</strong></span> <span class='ocrx_word' id='word_1_92' title='bbox 911 1581 1118 1666; x_wconf 77' lang='lat' dir='ltr'><strong>discrepantia</strong></span> <span class='ocrx_word' id='word_1_93' title='bbox 1139 1579 1240 1664; x_wconf 85' lang='lat' dir='ltr'><strong>posita</strong></span> 
     </span>
     <span class='ocr_line' id='line_1_13' title="bbox 131 1687 1238 1771; baseline -0.002 -21"><span class='ocrx_word' id='word_1_94' title='bbox 131 1689 193 1768; x_wconf 88' lang='lat' dir='ltr'><strong>est,</strong></span> <span class='ocrx_word' id='word_1_95' title='bbox 220 1687 295 1770; x_wconf 88' lang='lat' dir='ltr'><strong>quia</strong></span> <span class='ocrx_word' id='word_1_96' title='bbox 321 1705 429 1751; x_wconf 90' lang='lat' dir='ltr'><strong>eorum</strong></span> <span class='ocrx_word' id='word_1_97' title='bbox 456 1688 577 1771; x_wconf 79' lang='lat' dir='ltr'>aliquot</span> <span class='ocrx_word' id='word_1_98' title='bbox 602 1688 723 1752; x_wconf 90' lang='lat' dir='ltr'><strong>nudum</strong></span> <span class='ocrx_word' id='word_1_99' title='bbox 752 1688 925 1754; x_wconf 81' lang='lat' dir='ltr'><strong>ablativum</strong></span> <span class='ocrx_word' id='word_1_100' title='bbox 948 1688 1144 1768; x_wconf 88' lang='lat' dir='ltr'><strong>adsciscunt,</strong></span> <span class='ocrx_word' id='word_1_101' title='bbox 1166 1703 1238 1749; x_wconf 89' lang='lat' dir='ltr'><strong>cum</strong></span> 
     </span>
     <span class='ocr_line' id='line_1_14' title="bbox 130 1790 1366 1885; baseline 0 -30"><span class='ocrx_word' id='word_1_102' title='bbox 130 1791 240 1885; x_wconf 81' lang='lat' dir='ltr'><strong>Cicero</strong></span> <span class='ocrx_word' id='word_1_103' title='bbox 263 1797 295 1856; x_wconf 92' lang='lat' dir='ltr'><strong>et</strong></span> <span class='ocrx_word' id='word_1_104' title='bbox 309 1790 422 1857; x_wconf 84' lang='lat' dir='ltr'><strong>Caesar</strong></span> <span class='ocrx_word' id='word_1_105' title='bbox 443 1813 480 1858; x_wconf 90' lang='lat' dir='ltr'><strong>ea</strong></span> <span class='ocrx_word' id='word_1_106' title='bbox 499 1813 572 1857; x_wconf 90' lang='lat' dir='ltr'><strong>oum</strong></span> <span class='ocrx_word' id='word_1_107' title='bbox 594 1795 823 1879; x_wconf 81' lang='lat' dir='ltr'><strong>praepositione</strong></span> <span class='ocrx_word' id='word_1_108' title='bbox 845 1797 1045 1878; x_wconf 83' lang='lat' dir='ltr'><strong>coniungant.</strong></span> <span class='ocrx_word' id='word_1_109' title='bbox 1090 1795 1238 1857; x_wconf 84' lang='lat' dir='ltr'><strong>Attamen</strong></span> <span class='ocrx_word' id='word_1_110' title='bbox 1360 1793 1366 1805; x_wconf 90' lang='lat'>&#39;</span> 
     </span>
     <span class='ocr_line' id='line_1_15' title="bbox 130 1896 1238 1981; baseline -0.001 -20"><span class='ocrx_word' id='word_1_111' title='bbox 130 1896 311 1963; x_wconf 90' lang='lat' dir='ltr'><strong>addendum</strong></span> <span class='ocrx_word' id='word_1_112' title='bbox 334 1904 393 1981; x_wconf 88' lang='lat' dir='ltr'><strong>est,</strong></span> <span class='ocrx_word' id='word_1_113' title='bbox 419 1898 605 1964; x_wconf 82' lang='lat' dir='ltr'><strong>Frontinum</strong></span> <span class='ocrx_word' id='word_1_114' title='bbox 633 1903 666 1964; x_wconf 90' lang='lat' dir='ltr'><strong>in</strong></span> <span class='ocrx_word' id='word_1_115' title='bbox 691 1901 808 1965; x_wconf 88' lang='lat' dir='ltr'><strong>talibus</strong></span> <span class='ocrx_word' id='word_1_116' title='bbox 836 1901 940 1965; x_wconf 86' lang='lat' dir='ltr'><strong>verbis</strong></span> <span class='ocrx_word' id='word_1_117' title='bbox 967 1898 1151 1964; x_wconf 86' lang='lat' dir='ltr'><strong>adhibendis</strong></span> <span class='ocrx_word' id='word_1_118' title='bbox 1175 1915 1238 1962; x_wconf 93' lang='lat' dir='ltr'><strong>non</strong></span> 
     </span>
     <span class='ocr_line' id='line_1_16' title="bbox 130 2004 1240 2091; baseline -0.003 -21"><span class='ocrx_word' id='word_1_119' title='bbox 130 2010 247 2070; x_wconf 85' lang='lat' dir='ltr'><strong>certam</strong></span> <span class='ocrx_word' id='word_1_120' title='bbox 268 2025 410 2070; x_wconf 88' lang='lat' dir='ltr'><strong>normam</strong></span> <span class='ocrx_word' id='word_1_121' title='bbox 433 2009 540 2091; x_wconf 88' lang='lat' dir='ltr'><strong>sequi,</strong></span> <span class='ocrx_word' id='word_1_122' title='bbox 562 2025 673 2071; x_wconf 91' lang='lat' dir='ltr'><strong>verum</strong></span> <span class='ocrx_word' id='word_1_123' title='bbox 696 2008 805 2072; x_wconf 90' lang='lat' dir='ltr'><strong>eadem</strong></span> <span class='ocrx_word' id='word_1_124' title='bbox 827 2005 924 2071; x_wconf 86' lang='lat' dir='ltr'><strong>verba</strong></span> <span class='ocrx_word' id='word_1_125' title='bbox 945 2005 1037 2069; x_wconf 90' lang='lat' dir='ltr'><strong>modo</strong></span> <span class='ocrx_word' id='word_1_126' title='bbox 1060 2025 1132 2069; x_wconf 85' lang='lat' dir='ltr'><strong>curn</strong></span> <span class='ocrx_word' id='word_1_127' title='bbox 1154 2004 1240 2068; x_wconf 90' lang='lat' dir='ltr'><strong>nudo</strong></span> 
     </span>
     <span class='ocr_line' id='line_1_17' title="bbox 129 2109 1248 2199; baseline -0.004 -23"><span class='ocrx_word' id='word_1_128' title='bbox 129 2111 268 2176; x_wconf 87' lang='lat' dir='ltr'><strong>ablativo</strong></span> <span class='ocrx_word' id='word_1_129' title='bbox 298 2111 391 2176; x_wconf 90' lang='lat' dir='ltr'><strong>modo</strong></span> <span class='ocrx_word' id='word_1_130' title='bbox 423 2133 495 2177; x_wconf 91' lang='lat' dir='ltr'><strong>cum</strong></span> <span class='ocrx_word' id='word_1_131' title='bbox 522 2115 749 2199; x_wconf 84' lang='lat' dir='ltr'><strong>praepositione</strong></span> <span class='ocrx_word' id='word_1_132' title='bbox 780 2115 970 2197; x_wconf 82' lang='lat' dir='ltr'><strong>coniungere</strong></span> <span class='ocrx_word' id='word_1_133' title='bbox 997 2113 1122 2176; x_wconf 88' lang='lat' dir='ltr'><strong>notione</strong></span> <span class='ocrx_word' id='word_1_134' title='bbox 1152 2109 1248 2175; x_wconf 88' lang='lat' dir='ltr'><strong>verbi·</strong></span> 
     </span>
     <span class='ocr_line' id='line_1_18' title="bbox 129 2216 1240 2305; baseline -0.002 -23"><span class='ocrx_word' id='word_1_135' title='bbox 129 2238 195 2282; x_wconf 92' lang='lat' dir='ltr'><strong>non</strong></span> <span class='ocrx_word' id='word_1_136' title='bbox 214 2225 340 2284; x_wconf 65' lang='lat' dir='ltr'><strong>mutam,</strong></span> <span class='ocrx_word' id='word_1_137' title='bbox 379 2217 449 2296; x_wconf 84' lang='lat' dir='ltr'><strong>Quo</strong></span> <span class='ocrx_word' id='word_1_138' title='bbox 464 2221 580 2285; x_wconf 88' lang='lat' dir='ltr'><strong>clarius</strong></span> <span class='ocrx_word' id='word_1_139' title='bbox 598 2226 703 2286; x_wconf 89' lang='lat' dir='ltr'><strong>autern</strong></span> <span class='ocrx_word' id='word_1_140' title='bbox 717 2239 766 2285; x_wconf 87' lang='lat' dir='ltr'><strong>res</strong></span> <span class='ocrx_word' id='word_1_141' title='bbox 780 2221 994 2305; x_wconf 85' lang='lat' dir='ltr'><strong>perspiciatur,</strong></span> <span class='ocrx_word' id='word_1_142' title='bbox 1013 2220 1119 2282; x_wconf 89' lang='lat' dir='ltr'><strong>onmia</strong></span> <span class='ocrx_word' id='word_1_143' title='bbox 1135 2216 1240 2297; x_wconf 84' lang='lat' dir='ltr'><strong>rerba,</strong></span> 
     </span>
     <span class='ocr_line' id='line_1_19' title="bbox 130 2325 1240 2412; baseline -0.004 -22"><span class='ocrx_word' id='word_1_144' title='bbox 130 2345 214 2411; x_wconf 88' lang='lat' dir='ltr'><strong>quae</strong></span> <span class='ocrx_word' id='word_1_145' title='bbox 239 2327 301 2390; x_wconf 92' lang='lat' dir='ltr'><strong>huc</strong></span> <span class='ocrx_word' id='word_1_146' title='bbox 327 2331 480 2410; x_wconf 83' lang='lat' dir='ltr'><strong>spectant,</strong></span> <span class='ocrx_word' id='word_1_147' title='bbox 511 2327 701 2393; x_wconf 87' lang='lat' dir='ltr'><strong>enumerabo</strong></span> <span class='ocrx_word' id='word_1_148' title='bbox 728 2329 763 2392; x_wconf 88' lang='lat' dir='ltr'><strong>in</strong></span> <span class='ocrx_word' id='word_1_149' title='bbox 790 2327 998 2412; x_wconf 86' lang='lat' dir='ltr'><strong>singulisque,</strong></span> <span class='ocrx_word' id='word_1_150' title='bbox 1025 2325 1180 2410; x_wconf 90' lang='lat' dir='ltr'><strong>quomodo</strong></span> <span class='ocrx_word' id='word_1_151' title='bbox 1207 2325 1240 2386; x_wconf 90' lang='lat' dir='ltr'><strong>in</strong></span> 
     </span>
     <span class='ocr_line' id='line_1_20' title="bbox 129 2430 1240 2518; baseline -0.003 -22"><span class='ocrx_word' id='word_1_152' title='bbox 129 2433 237 2496; x_wconf 89' lang='lat' dir='ltr'><strong>dativo</strong></span> <span class='ocrx_word' id='word_1_153' title='bbox 267 2432 428 2498; x_wconf 81' lang='lat' dir='ltr'><strong>tractamlo</strong></span> <span class='ocrx_word' id='word_1_154' title='bbox 459 2432 531 2515; x_wconf 89' lang='lat' dir='ltr'><strong>ieci,</strong></span> <span class='ocrx_word' id='word_1_155' title='bbox 569 2435 696 2517; x_wconf 90' lang='lat' dir='ltr'><strong>addam,</strong></span> <span class='ocrx_word' id='word_1_156' title='bbox 733 2434 848 2518; x_wconf 88' lang='lat' dir='ltr'><strong>quibus</strong></span> <span class='ocrx_word' id='word_1_157' title='bbox 879 2434 957 2497; x_wconf 88' lang='lat' dir='ltr'><strong>locis</strong></span> <span class='ocrx_word' id='word_1_158' title='bbox 989 2452 1061 2497; x_wconf 90' lang='lat' dir='ltr'><strong>oum</strong></span> <span class='ocrx_word' id='word_1_159' title='bbox 1093 2430 1240 2512; x_wconf 84' lang='lat' dir='ltr'><strong>ablativo,</strong></span> 
     </span>
     <span class='ocr_line' id='line_1_21' title="bbox 129 2537 890 2625; baseline 0.003 -24"><span class='ocrx_word' id='word_1_160' title='bbox 129 2537 249 2624; x_wconf 89' lang='lat' dir='ltr'><strong>quibus</strong></span> <span class='ocrx_word' id='word_1_161' title='bbox 274 2557 347 2602; x_wconf 91' lang='lat' dir='ltr'><strong>cum</strong></span> <span class='ocrx_word' id='word_1_162' title='bbox 369 2541 597 2625; x_wconf 87' lang='lat' dir='ltr'><strong>praepositione</strong></span> <span class='ocrx_word' id='word_1_163' title='bbox 620 2543 787 2606; x_wconf 88' lang='lat' dir='ltr'><strong>coniuncta</strong></span> <span class='ocrx_word' id='word_1_164' title='bbox 810 2545 890 2606; x_wconf 88' lang='lat' dir='ltr'><strong>sunt.</strong></span> 
     </span>
    </p>

    <p class='ocr_par' dir='ltr' id='par_1_6' title="bbox 127 2644 1239 2942">
     <span class='ocr_line' id='line_1_22' title="bbox 218 2644 1239 2731; baseline -0.001 -23"><span class='ocrx_word' id='word_1_165' title='bbox 218 2644 360 2710; x_wconf 91' lang='lat' dir='ltr'><strong>Primum</strong></span> <span class='ocrx_word' id='word_1_166' title='bbox 383 2664 420 2710; x_wconf 89' lang='lat' dir='ltr'><strong>ea</strong></span> <span class='ocrx_word' id='word_1_167' title='bbox 438 2646 533 2710; x_wconf 87' lang='lat' dir='ltr'><strong>rerba</strong></span> <span class='ocrx_word' id='word_1_168' title='bbox 556 2647 695 2730; x_wconf 89' lang='lat' dir='ltr'><strong>afferam,</strong></span> <span class='ocrx_word' id='word_1_169' title='bbox 718 2665 800 2731; x_wconf 88' lang='lat' dir='ltr'><strong>quae</strong></span> <span class='ocrx_word' id='word_1_170' title='bbox 822 2666 895 2711; x_wconf 91' lang='lat' dir='ltr'><strong>cum</strong></span> <span class='ocrx_word' id='word_1_171' title='bbox 915 2646 1050 2710; x_wconf 88' lang='lat' dir='ltr'><strong>ablativo</strong></span> <span class='ocrx_word' id='word_1_172' title='bbox 1068 2664 1152 2726; x_wconf 88' lang='lat' dir='ltr'><strong>vero,</strong></span> <span class='ocrx_word' id='word_1_173' title='bbox 1174 2646 1194 2707; x_wconf 87' lang='lat' dir='ltr'><strong>i</strong></span> <span class='ocrx_word' id='word_1_174' title='bbox 1213 2663 1239 2708; x_wconf 92' lang='lat' dir='ltr'><strong>e.</strong></span> 
     </span>
     <span class='ocr_line' id='line_1_23' title="bbox 127 2750 1239 2838; baseline -0.002 -24"><span class='ocrx_word' id='word_1_175' title='bbox 127 2753 249 2834; x_wconf 91' lang='lat' dir='ltr'><strong>locum,</strong></span> <span class='ocrx_word' id='word_1_176' title='bbox 280 2750 366 2815; x_wconf 92' lang='lat' dir='ltr'><strong>unde</strong></span> <span class='ocrx_word' id='word_1_177' title='bbox 393 2752 514 2836; x_wconf 88' lang='lat' dir='ltr'><strong>aliquid</strong></span> <span class='ocrx_word' id='word_1_178' title='bbox 541 2753 758 2836; x_wconf 87' lang='lat' dir='ltr'><strong>proficiscitur,</strong></span> <span class='ocrx_word' id='word_1_179' title='bbox 781 2755 975 2838; x_wconf 87' lang='lat' dir='ltr'><strong>exprimente</strong></span> <span class='ocrx_word' id='word_1_180' title='bbox 998 2755 1239 2835; x_wconf 82' lang='lat' dir='ltr'><strong>coniunguntur.</strong></span> 
     </span>
     <span class='ocr_line' id='line_1_24' title="bbox 127 2857 652 2942; baseline 0.002 -20"><span class='ocrx_word' id='word_1_181' title='bbox 127 2857 217 2922; x_wconf 89' lang='lat' dir='ltr'><strong>Haec</strong></span> <span class='ocrx_word' id='word_1_182' title='bbox 239 2857 335 2921; x_wconf 87' lang='lat' dir='ltr'><strong>rerba</strong></span> <span class='ocrx_word' id='word_1_183' title='bbox 357 2859 511 2942; x_wconf 85' lang='lat' dir='ltr'><strong>simplicia</strong></span> <span class='ocrx_word' id='word_1_184' title='bbox 532 2861 652 2923; x_wconf 85' lang='lat' dir='ltr'><strong>notavi:</strong></span> 
     </span>
    </p>

    <p class='ocr_par' dir='ltr' id='par_1_7' title="bbox 127 2966 1241 3262">
     <span class='ocr_line' id='line_1_25' title="bbox 218 2966 1241 3050; baseline 0.001 -20"><span class='ocrx_word' id='word_1_185' title='bbox 218 2985 326 3030; x_wconf 85' lang='lat' dir='ltr'><strong>arcere</strong></span> <span class='ocrx_word' id='word_1_186' title='bbox 361 2983 434 3028; x_wconf 90' lang='lat' dir='ltr'><strong>cum</strong></span> <span class='ocrx_word' id='word_1_187' title='bbox 465 2968 693 3050; x_wconf 87' lang='lat' dir='ltr'><strong>praepositione</strong></span> <span class='ocrx_word' id='word_1_188' title='bbox 725 2966 779 3034; x_wconf 84' lang='lat' dir='ltr'><strong>ab:</strong></span> <span class='ocrx_word' id='word_1_189' title='bbox 811 2971 863 3031; x_wconf 90' lang='lat' dir='ltr'><strong>str.</strong></span> <span class='ocrx_word' id='word_1_190' title='bbox 892 2967 915 3034; x_wconf 88' lang='grc' dir='ltr'><strong>Ι.</strong></span> <span class='ocrx_word' id='word_1_191' title='bbox 946 2972 999 3048; x_wconf 89' lang='grc'><strong>10,</strong></span> <span class='ocrx_word' id='word_1_192' title='bbox 1037 2971 1056 3030; x_wconf 85' lang='grc'><strong>3</strong></span> <span class='ocrx_word' id='word_1_193' title='bbox 1085 2985 1192 3033; x_wconf 68' lang='lat' dir='ltr'><strong>orcae</strong></span> <span class='ocrx_word' id='word_1_194' title='bbox 1219 2987 1241 3031; x_wconf 85' lang='lat' dir='ltr'><strong>a</strong></span> 
     </span>
     <span class='ocr_line' id='line_1_26' title="bbox 127 3070 1241 3158; baseline -0.004 -18"><span class='ocrx_word' id='word_1_195' title='bbox 127 3070 319 3156; x_wconf 69' lang='lat' dir='ltr'><strong>cupiditate,⁸</strong></span> <span class='ocrx_word' id='word_1_196' title='bbox 337 3091 447 3155; x_wconf 83' lang='lat' dir='ltr'><strong>capere</strong></span> <span class='ocrx_word' id='word_1_197' title='bbox 465 3091 538 3137; x_wconf 90' lang='lat' dir='ltr'><strong>cum</strong></span> <span class='ocrx_word' id='word_1_198' title='bbox 556 3091 659 3158; x_wconf 84' lang='lat' dir='ltr'><strong>praep.</strong></span> <span class='ocrx_word' id='word_1_199' title='bbox 678 3074 734 3140; x_wconf 81' lang='lat' dir='ltr'><strong>de:</strong></span> <span class='ocrx_word' id='word_1_200' title='bbox 757 3074 796 3138; x_wconf 91' lang='lat' dir='ltr'><strong>de</strong></span> <span class='ocrx_word' id='word_1_201' title='bbox 813 3091 883 3158; x_wconf 91' lang='lat' dir='ltr'><strong>aqu.</strong></span> <span class='ocrx_word' id='word_1_202' title='bbox 906 3079 934 3154; x_wconf 86' lang='lat'><strong>4,</strong></span> <span class='ocrx_word' id='word_1_203' title='bbox 956 3079 995 3137; x_wconf 90' lang='grc'><strong>16</strong></span> <span class='ocrx_word' id='word_1_204' title='bbox 1015 3094 1055 3139; x_wconf 80' lang='lat' dir='ltr'><strong>aa</strong></span> <span class='ocrx_word' id='word_1_205' title='bbox 1074 3071 1241 3141; x_wconf 67' lang='lat' dir='ltr'><strong>manubia</strong></span> 
     </span>
     <span class='ocr_line' id='line_1_27' title="bbox 128 3175 463 3262; baseline 0 -18"><span class='ocrx_word' id='word_1_206' title='bbox 128 3180 170 3244; x_wconf 86' lang='lat' dir='ltr'><strong>de</strong></span> <span class='ocrx_word' id='word_1_207' title='bbox 191 3175 324 3261; x_wconf 72' lang='lat' dir='ltr'><strong>Pyrrho</strong></span> <span class='ocrx_word' id='word_1_208' title='bbox 346 3178 463 3262; x_wconf 81' lang='lat' dir='ltr'><strong>copiis;</strong></span> 
     </span>
    </p>

    <p class='ocr_par' dir='ltr' id='par_1_8' title="bbox 118 3284 1239 3691">
     <span class='ocr_line' id='line_1_28' title="bbox 218 3284 1238 3368; baseline -0.004 -17"><span class='ocrx_word' id='word_1_209' title='bbox 218 3285 338 3351; x_wconf 76' lang='lat' dir='ltr'><strong>cedere:</strong></span> <span class='ocrx_word' id='word_1_210' title='bbox 367 3290 418 3349; x_wconf 83' lang='lat' dir='ltr'><strong>str.</strong></span> <span class='ocrx_word' id='word_1_211' title='bbox 442 3284 466 3349; x_wconf 93' lang='grc' dir='ltr'><strong>Ι.</strong></span> <span class='ocrx_word' id='word_1_212' title='bbox 491 3291 523 3368; x_wconf 85' lang='grc'><strong>6,</strong></span> <span class='ocrx_word' id='word_1_213' title='bbox 554 3291 593 3350; x_wconf 89' lang='lat'><strong>10</strong></span> <span class='ocrx_word' id='word_1_214' title='bbox 618 3286 685 3354; x_wconf 79' lang='lat' dir='ltr'><strong>atie</strong></span> <span class='ocrx_word' id='word_1_215' title='bbox 707 3287 842 3368; x_wconf 72' lang='lat' dir='ltr'><strong>cadmei,</strong></span> <span class='ocrx_word' id='word_1_216' title='bbox 870 3287 903 3349; x_wconf 92' lang='lat' dir='ltr'><strong>in</strong></span> <span class='ocrx_word' id='word_1_217' title='bbox 927 3285 996 3350; x_wconf 90' lang='lat' dir='ltr'><strong>libr.</strong></span> <span class='ocrx_word' id='word_1_218' title='bbox 1019 3285 1074 3349; x_wconf 90' lang='lat' dir='ltr'><strong>IV.</strong></span> <span class='ocrx_word' id='word_1_219' title='bbox 1097 3291 1145 3349; x_wconf 89' lang='lat' dir='ltr'><strong>ter</strong></span> <span class='ocrx_word' id='word_1_220' title='bbox 1166 3304 1238 3348; x_wconf 88' lang='lat' dir='ltr'><strong>cum</strong></span> 
     </span>
     <span class='ocr_line' id='line_1_29' title="bbox 128 3390 1239 3475; baseline 0.001 -19"><span class='ocrx_word' id='word_1_221' title='bbox 128 3390 267 3456; x_wconf 81' lang='lat' dir='ltr'><strong>ablativo</strong></span> <span class='ocrx_word' id='word_1_222' title='bbox 290 3391 372 3456; x_wconf 84' lang='lat' dir='ltr'><strong>ioco:</strong></span> <span class='ocrx_word' id='word_1_223' title='bbox 392 3390 447 3456; x_wconf 89' lang='lat' dir='ltr'><strong>IV.</strong></span> <span class='ocrx_word' id='word_1_224' title='bbox 474 3398 502 3474; x_wconf 90' lang='lat'><strong>1,</strong></span> <span class='ocrx_word' id='word_1_225' title='bbox 532 3397 571 3457; x_wconf 84' lang='lat'><strong>13</strong></span> <span class='ocrx_word' id='word_1_226' title='bbox 595 3393 661 3460; x_wconf 86' lang='lat' dir='ltr'><strong>ioco</strong></span> <span class='ocrx_word' id='word_1_227' title='bbox 683 3392 826 3460; x_wconf 78' lang='lat' dir='ltr'><strong>hostibus</strong></span> <span class='ocrx_word' id='word_1_228' title='bbox 848 3398 1024 3475; x_wconf 72' lang='lat' dir='ltr'><strong>cesserant,</strong></span> <span class='ocrx_word' id='word_1_229' title='bbox 1053 3399 1084 3474; x_wconf 92' lang='lat'><strong>1,</strong></span> <span class='ocrx_word' id='word_1_230' title='bbox 1109 3395 1149 3456; x_wconf 83' lang='grc'><strong>26</strong></span> <span class='ocrx_word' id='word_1_231' title='bbox 1174 3391 1239 3457; x_wconf 84' lang='lat' dir='ltr'><strong>loco</strong></span> 
     </span>
     <span class='ocr_line' id='line_1_30' title="bbox 118 3496 1239 3583; baseline 0 -21"><span class='ocrx_word' id='word_1_232' title='bbox 118 3496 279 3583; x_wconf 77' lang='lat' dir='ltr'><strong>fapiiioie</strong></span> <span class='ocrx_word' id='word_1_233' title='bbox 292 3503 443 3581; x_wconf 49' lang='lat' dir='ltr'><strong>macero&amp;</strong></span> <span class='ocrx_word' id='word_1_234' title='bbox 459 3506 486 3582; x_wconf 93' lang='lat'><strong>1,</strong></span> <span class='ocrx_word' id='word_1_235' title='bbox 496 3504 539 3564; x_wconf 82' lang='grc'><strong>34</strong></span> <span class='ocrx_word' id='word_1_236' title='bbox 549 3499 798 3582; x_wconf 58' lang='lat' dir='ltr'><strong>accrescerent,</strong></span> <span class='ocrx_word' id='word_1_237' title='bbox 814 3519 877 3583; x_wconf 90' lang='lat' dir='ltr'><strong>qua</strong></span> <span class='ocrx_word' id='word_1_238' title='bbox 887 3500 1063 3564; x_wconf 85' lang='lat' dir='ltr'><strong>elocutione</strong></span> <span class='ocrx_word' id='word_1_239' title='bbox 1076 3499 1239 3582; x_wconf 83' lang='lat' dir='ltr'><strong>scriptores</strong></span> 
     </span>
     <span class='ocr_line' id='line_1_31' title="bbox 128 3603 1236 3691; baseline 0 -23"><span class='ocrx_word' id='word_1_240' title='bbox 128 3603 279 3668; x_wconf 83' lang='lat' dir='ltr'><strong>militares</strong></span> <span class='ocrx_word' id='word_1_241' title='bbox 297 3606 439 3668; x_wconf 90' lang='lat' dir='ltr'><strong>omnium</strong></span> <span class='ocrx_word' id='word_1_242' title='bbox 458 3609 634 3690; x_wconf 87' lang='lat' dir='ltr'><strong>temporum</strong></span> <span class='ocrx_word' id='word_1_243' title='bbox 657 3606 704 3670; x_wconf 88' lang='lat' dir='ltr'><strong>uti</strong></span> <span class='ocrx_word' id='word_1_244' title='bbox 727 3608 829 3670; x_wconf 87' lang='lat' dir='ltr'><strong>solent</strong></span> <span class='ocrx_word' id='word_1_245' title='bbox 851 3605 900 3691; x_wconf 89' lang='lat' dir='ltr'><strong>(ci.</strong></span> <span class='ocrx_word' id='word_1_246' title='bbox 916 3604 1021 3690; x_wconf 87' lang='lat' dir='ltr'><strong>Draeg</strong></span> <span class='ocrx_word' id='word_1_247' title='bbox 1038 3605 1063 3669; x_wconf 94' lang='lat' dir='ltr'><strong>I.</strong></span> <span class='ocrx_word' id='word_1_248' title='bbox 1079 3625 1128 3690; x_wconf 88' lang='lat' dir='ltr'><strong>pg.</strong></span> <span class='ocrx_word' id='word_1_249' title='bbox 1146 3605 1236 3683; x_wconf 81' lang='lat'><strong>502);</strong></span> 
     </span>
    </p>

    <p class='ocr_par' dir='ltr' id='par_1_9' title="bbox 208 3709 894 3796">
     <span class='ocr_line' id='line_1_32' title="bbox 208 3709 894 3796; baseline 0 -20"><span class='ocrx_word' id='word_1_250' title='bbox 208 3709 426 3796; x_wconf 74' lang='lat' dir='ltr'><strong>saporosum</strong></span> <span class='ocrx_word' id='word_1_251' title='bbox 448 3730 550 3796; x_wconf 90' lang='lat' dir='ltr'><strong>praep.</strong></span> <span class='ocrx_word' id='word_1_252' title='bbox 573 3733 627 3779; x_wconf 80' lang='lat' dir='ltr'><strong>ex:</strong></span> <span class='ocrx_word' id='word_1_253' title='bbox 651 3718 703 3779; x_wconf 86' lang='lat' dir='ltr'><strong>etr.</strong></span> <span class='ocrx_word' id='word_1_254' title='bbox 726 3713 767 3776; x_wconf 93' lang='lat' dir='ltr'><strong>II.</strong></span> <span class='ocrx_word' id='word_1_255' title='bbox 791 3715 820 3794; x_wconf 88' lang='grc'><strong>8,</strong></span> <span class='ocrx_word' id='word_1_256' title='bbox 847 3718 894 3776; x_wconf 91' lang='grc'><strong>14.</strong></span> 
     </span>
    </p>

    <p class='ocr_par' dir='ltr' id='par_1_10' title="bbox 208 3815 1239 3903">
     <span class='ocr_line' id='line_1_33' title="bbox 208 3815 1239 3903; baseline -0.001 -19"><span class='ocrx_word' id='word_1_257' title='bbox 208 3815 359 3901; x_wconf 79' lang='lat' dir='ltr'><strong>suadere</strong></span> <span class='ocrx_word' id='word_1_258' title='bbox 379 3836 452 3881; x_wconf 85' lang='lat' dir='ltr'><strong>curn</strong></span> <span class='ocrx_word' id='word_1_259' title='bbox 474 3837 577 3903; x_wconf 91' lang='lat' dir='ltr'><strong>praep.</strong></span> <span class='ocrx_word' id='word_1_260' title='bbox 597 3839 650 3886; x_wconf 84' lang='lat' dir='ltr'><strong>eoo:</strong></span> <span class='ocrx_word' id='word_1_261' title='bbox 673 3825 725 3884; x_wconf 87' lang='lat' dir='ltr'><strong>str.</strong></span> <span class='ocrx_word' id='word_1_262' title='bbox 744 3819 784 3883; x_wconf 91' lang='lat' dir='ltr'><strong>Il.</strong></span> <span class='ocrx_word' id='word_1_263' title='bbox 804 3827 833 3901; x_wconf 81' lang='lat'><strong>5,</strong></span> <span class='ocrx_word' id='word_1_264' title='bbox 860 3825 898 3883; x_wconf 87' lang='grc'><strong>19</strong></span> <span class='ocrx_word' id='word_1_265' title='bbox 923 3841 961 3885; x_wconf 78' lang='lat' dir='ltr'><strong>aa</strong></span> <span class='ocrx_word' id='word_1_266' title='bbox 982 3819 1114 3885; x_wconf 79' lang='lat' dir='ltr'><strong>insidiis</strong></span> <span class='ocrx_word' id='word_1_267' title='bbox 1135 3815 1239 3900; x_wconf 59' lang='lat' dir='ltr'><strong>ferdia·</strong></span> 
     </span>
    </p>

    <p class='ocr_par' dir='ltr' id='par_1_11' title="bbox 218 3922 1238 4010">
     <span class='ocr_line' id='line_1_34' title="bbox 218 3922 1238 4010; baseline -0.003 -18"><span class='ocrx_word' id='word_1_268' title='bbox 218 3923 282 3992; x_wconf 84' lang='lat' dir='ltr'><strong>lobi</strong></span> <span class='ocrx_word' id='word_1_269' title='bbox 304 3943 379 3988; x_wconf 90' lang='lat' dir='ltr'><strong>cum</strong></span> <span class='ocrx_word' id='word_1_270' title='bbox 399 3922 548 3988; x_wconf 87' lang='lat' dir='ltr'><strong>ablativo:</strong></span> <span class='ocrx_word' id='word_1_271' title='bbox 576 3929 628 3989; x_wconf 88' lang='lat' dir='ltr'><strong>etr.</strong></span> <span class='ocrx_word' id='word_1_272' title='bbox 651 3925 675 3990; x_wconf 89' lang='grc' dir='ltr'><strong>Ι.</strong></span> <span class='ocrx_word' id='word_1_273' title='bbox 700 3933 732 4008; x_wconf 81' lang='lat'><strong>5,</strong></span> <span class='ocrx_word' id='word_1_274' title='bbox 763 3931 802 3990; x_wconf 89' lang='grc'><strong>16</strong></span> <span class='ocrx_word' id='word_1_275' title='bbox 831 3925 896 3993; x_wconf 77' lang='lat' dir='ltr'><strong>tabi</strong></span> <span class='ocrx_word' id='word_1_276' title='bbox 918 3925 1025 4009; x_wconf 59' lang='lat' dir='ltr'><strong>epota</strong></span> <span class='ocrx_word' id='word_1_277' title='bbox 1052 3926 1238 4010; x_wconf 87' lang='lat' dir='ltr'><strong>plerumque</strong></span> 
     </span>
    </p>

    <p class='ocr_par' dir='ltr' id='par_1_12' title="bbox 58 4028 940 4128">
     <span class='ocr_line' id='line_1_35' title="bbox 58 4028 940 4128; baseline 0.002 -34"><span class='ocrx_word' id='word_1_278' title='bbox 58 4121 61 4128; x_wconf 20' lang='grc' dir='ltr'>ι</span> <span class='ocrx_word' id='word_1_279' title='bbox 127 4031 314 4118; x_wconf 81' lang='lat' dir='ltr'><strong>praepositio</strong></span> <span class='ocrx_word' id='word_1_280' title='bbox 337 4028 502 4096; x_wconf 91' lang='lat' dir='ltr'><strong>adhibetur</strong></span> <span class='ocrx_word' id='word_1_281' title='bbox 524 4031 572 4118; x_wconf 88' lang='lat' dir='ltr'><strong>(ci.</strong></span> <span class='ocrx_word' id='word_1_282' title='bbox 596 4029 707 4118; x_wconf 83' lang='lat' dir='ltr'><strong>Draeg.</strong></span> <span class='ocrx_word' id='word_1_283' title='bbox 730 4032 754 4097; x_wconf 94' lang='lat' dir='ltr'><strong>I.</strong></span> <span class='ocrx_word' id='word_1_284' title='bbox 778 4052 827 4117; x_wconf 84' lang='lat' dir='ltr'><strong>pg.</strong></span> <span class='ocrx_word' id='word_1_285' title='bbox 852 4033 940 4114; x_wconf 73' lang='grc'><strong>502),</strong></span> 
     </span>
    </p>
   </div>
   <div class='ocr_carea' id='block_1_5' title="bbox 0 0 1528 4476">
    <p class='ocr_par' dir='ltr' id='par_1_13' title="bbox 0 0 1528 4476">
     <span class='ocr_line' id='line_1_36' title="bbox 0 0 1528 4476; baseline 0 2"><span class='ocrx_word' id='word_1_286' title='bbox 0 0 1528 4476; x_wconf 95' lang='lat' dir='ltr'><strong> </strong></span> 
     </span>
    </p>
   </div>
  </div>
 </body>
</html>
