3046 4476
722 209 883 279 ,8.

233 412 464 496 antiquioribus
502 415 743 496 stratagematon
781 410 1015 475 collectionibus
1054 430 1146 475 usum
1186 428 1268 488 esse;
1307 409 1339 472 id

234 519 338 603 colligi
350 518 443 582 licere
458 536 499 582 ex
514 536 561 600 eo,
577 517 661 602 quod
677 516 941 581 Gundermannus
956 535 1020 580 uno
1035 515 1103 580 loco
1119 515 1339 596 observaverit,

233 623 407 708 complures
430 624 574 688 historias
597 643 616 686 a
638 622 786 686 Frontino
815 623 924 687 eodem
951 622 1061 687 ordine
1085 621 1248 706 dispositas
1272 640 1340 686 esso

234 750 297 815 quo
305 730 389 815 apud
401 729 560 794 Valerium
569 729 753 794 Maximum.
777 728 939 793 Similibus
952 746 994 793 ex
1008 728 1111 793 causis
1125 728 1339 810 demonstrari,

233 838 326 902 talem
348 836 503 901 dictorum
521 854 647 919 quoque
666 835 880 899 collectionem
898 835 1093 920 imperatoris
1108 836 1246 919 Augusti
1263 841 1340 899 tem-

234 943 362 1028 poribus
380 942 546 1008 exstitisse.
592 941 626 1006 Si
644 946 749 1006 autem
767 941 844 1006 tales
862 940 1058 1005 collectiones
1071 941 1135 1004 iam
1158 942 1339 1022 exstiterint

233 1048 477 1134 intellegendum
499 1063 562 1112 non
586 1066 662 1131 esse,
685 1067 742 1112 cur
766 1048 796 1112 ei
817 1048 968 1133 scriptori,
991 1049 1046 1131 qui
1068 1048 1150 1112 sicut
1171 1045 1339 1113 Frontinus

234 1175 349 1220 novam
386 1154 600 1220 collectionem
641 1156 883 1238 strategematon
923 1154 958 1217 in
998 1152 1159 1238 publicum
1200 1153 1339 1234 ediderit

233 1262 389 1346 exempla,
417 1280 498 1345 quae
525 1281 544 1324 a
569 1258 674 1324 verbis
700 1259 794 1326 Idem
812 1259 896 1344 facil
923 1261 1085 1344 incipiant,
1117 1260 1248 1324 adiicere
1275 1279 1339 1323 non

233 1369 364 1449 licuerit,
387 1367 471 1452 quod
492 1368 610 1431 factum
633 1384 700 1431 esse
723 1365 762 1429 ab
778 1366 910 1430 Aeliano
929 1365 1114 1430 confirmari.
1151 1365 1213 1430 Sed
1232 1371 1339 1430 utrum

235 1495 271 1540 aa
289 1493 370 1559 quae
392 1475 531 1538 diximus
550 1472 695 1556 exempla
713 1473 753 1536 ed
773 1471 959 1537 Frontinum
980 1472 1140 1536 referenda
1155 1475 1218 1537 sint
1232 1491 1339 1553 necne,

233 1582 268 1645 in
304 1581 407 1646 medio
443 1580 634 1663 relinquam,
670 1597 744 1642 cum
770 1580 901 1644 minoris
937 1579 992 1644 illa
1027 1580 1176 1644 momenti
1208 1580 1271 1643 sint
1299 1579 1339 1644 ad

234 1687 383 1770 loquendi
402 1686 658 1751 consuetudinem
677 1685 946 1771 comprobandam.
979 1685 1058 1750 Tum
1076 1690 1181 1750 autam
1198 1685 1339 1751 Gunder·

234 1813 371 1858 mannus
407 1793 561 1857 nonnulla
597 1793 739 1876 exempla
776 1793 877 1874 affert,
908 1812 989 1877 quae
1024 1793 1074 1857 bis
1109 1793 1222 1858 tradita
1257 1796 1338 1874 sunt,

234 1903 372 1985 primum
391 1919 435 1981 ea,
459 1898 574 1983 quibus
591 1899 699 1982 paucis
717 1899 846 1964 mutatis
864 1899 972 1964 eadem
990 1919 1039 1964 res
1057 1905 1209 1980 narratur,
1227 1899 1339 1964 deinde

235 2027 281 2085 ea,
303 2025 384 2090 quae
407 2006 524 2070 eisdem
546 2004 650 2080 verbis
673 2005 769 2070 altero
787 2005 855 2069 loco
873 2007 1003 2089 repetita
1021 2011 1103 2070 sunt
1140 2003 1337 2089 Quamquam

234 2112 418 2176 Frontinum
444 2111 595 2194 fontibus,
631 2131 673 2176 ex
704 2111 821 2196 quibus
848 2112 964 2194 hausit,
998 2114 1078 2176 mira
1106 2112 1242 2196 quadem
1271 2112 1339 2177 dili·
1418 2153 1419 2156 =

233 2222 339 2305 gentia
360 2239 456 2283 usum
482 2238 550 2283 esse
577 2219 797 2304 cognovimus,
824 2223 930 2282 tamen
958 2217 1048 2282 facile
1073 2217 1141 2283 fieri
1167 2219 1281 2303 potuit,
1303 2223 1339 2284 ut

234 2325 404 2390 Frontinus
430 2324 631 2389 multitudine
657 2324 870 2406 historiarum,
898 2344 978 2409 quae
1000 2331 1181 2408 narrantur,
1202 2327 1284 2390 inter
1306 2344 1339 2390 se

234 2434 384 2524 similium
416 2433 564 2496 confusus
596 2432 749 2496 nonnulla
782 2431 926 2515 exempla
957 2431 1128 2497 identidem
1159 2434 1193 2496 in
1225 2451 1338 2516 corpus

234 2543 472 2623 strategematon
499 2540 656 2622 reciperet.
700 2536 813 2621 Itaque
838 2557 912 2602 oum
938 2538 1061 2603 Bauero
1089 2540 1107 2603 l.
1131 2559 1155 2603 c.
1179 2558 1244 2603 non
1270 2557 1339 2604 esse

234 2647 394 2729 existimo,
416 2665 473 2710 cur
495 2645 640 2728 exempla
662 2663 711 2727 ea,
740 2643 856 2728 quibus
877 2631 986 2729 paucis
1008 2646 1136 2710 mutatis
1159 2644 1267 2710 eadem
1289 2665 1339 2709 res

234 2756 391 2834 narratur,
415 2752 562 2815 alterutro
585 2752 653 2816 loco
676 2757 908 2832 removeantur,
930 2754 1113 2836 praesertim
1139 2771 1212 2816 cum
1238 2771 1338 2816 unum

232 2859 380 2943 idemque
406 2858 585 2943 exemplum
612 2858 744 2922 dirersis
767 2858 968 2922 consiliorum
995 2858 1162 2942 generibus
1188 2857 1339 2942 subiungi

233 2966 376 3049 potuerit.
430 2963 491 3030 Sed
518 2963 645 3028 concedi
672 2965 744 3028 licet
771 2983 808 3028 ea
835 2966 991 3050 exempla,
1021 2983 1101 3049 quae
1129 2965 1247 3030 eisdem
1272 2965 1337 3029 fere

234 3070 338 3136 verbis
360 3072 492 3155 repetita
509 3076 592 3152 sunt,
614 3090 678 3134 uno
697 3071 833 3135 alterove
851 3071 918 3134 looo
936 3073 1053 3136 inserta
1072 3089 1148 3136 esse.
1185 3071 1339 3155 Exempla

235 3195 315 3261 quae
336 3175 459 3240 duobus
478 3177 555 3241 locis
574 3181 705 3258 exstant,
724 3176 800 3240 haec
820 3181 908 3241 sunt:
929 3182 980 3241 str.
997 3178 1021 3243 Ι.
1042 3179 1125 3260 1,11
1146 3176 1338 3261 =1.5,13‚

234 3285 319 3368 quod
341 3283 521 3367 exemplum
544 3302 636 3347 suum
660 3283 763 3346 locum
787 3282 924 3348 obtinere
946 3288 998 3348 str.
1015 3283 1038 3350 I.
1056 3285 1128 3366 5,t3
1152 3289 1233 3349 recte
1256 3285 1338 3349 iudi·

233 3391 315 3455 cavit
346 3387 610 3453 Gundermannus
646 3388 693 3469 (cf.
727 3394 845 3472 quaest.
877 3409 927 3474 pg.
961 3391 1049 3470 329);
1087 3396 1156 3456 tum
1191 3392 1339 3476 leguntur

233 3494 1020 3578 8111115311,7,4011Π.4,16;Ιν.
1042 3497 1136 3578 t,41.
1159 3495 1338 3562 Woelttlino

234 3602 285 3685 (of.
307 3621 356 3686 pg.
382 3599 441 3684 74)
468 3605 500 3664 et
527 3600 771 3665 Gundermanno
787 3599 857 3685 ,(οῐ.
880 3622 929 3686 pg.
955 3603 1049 3685 327),
1082 3604 1137 3686 qui
1168 3604 1245 3669 haec
1275 3605 1337 3669 duo

233 3709 377 3793 exemplu
391 3710 494 3793 quarti
507 3707 581 3771 libri
596 3707 739 3792 scriptori
750 3725 819 3771 esse
830 3708 1028 3773 attribuenda
1039 3708 1337 3790 demonstraremnt,

234 3815 397 3895 assentior,
434 3833 624 3897 quamquam
661 3817 845 3897 argumenta
881 3834 963 3900 quae
990 3815 1191 3881 Woelfflinus
1226 3819 1337 3900 attulit,

232 3921 310 3985 mihi
332 3940 395 3984 non
419 3924 526 3985 omnia
548 3920 720 4005 probantur
743 3920 793 4005 (of.
817 3919 936 3986 Estem.
960 3942 1009 4006 pg.
1036 3923 1090 4004 10,
1116 3923 1169 4006 14,
1195 3925 1235 3987 15
1258 3925 1338 4008 adn,

235 4027 276 4096 18
308 4025 396 4116 sqq).
450 4026 614 4095 Praeterea
645 4027 850 4092 inveniuntur
881 4032 932 4094 str.
960 4026 985 4096 Ι.
1015 4029 1086 4111 5,12
1115 4057 1158 4086 =
1185 4029 1240 4097 IV.
1271 4033 1336 4114 5,8;
