3046 4476
765 218 805 280 10

680 306 891 318 hau—*nnn*

233 410 411 476 adhortatus
426 416 492 476 erat
508 412 556 492 (cf.
572 413 665 497 praef.
681 413 748 478 libr.
758 411 782 479 I.
792 433 820 498 p.
833 413 860 476 2.
872 412 954 476 v.20
968 413 1058 498 sqq).
1087 412 1284 480 Postremum
1297 433 1338 480 ne

231 517 265 581 id·
280 519 407 602 quidem
422 519 567 584 contendi
582 520 663 601 licet,
678 521 755 584 haec
770 519 915 604 exempla
929 522 1029 604 magis
1044 520 1083 584 ad
1098 521 1337 604 appellationem

233 629 473 708 stratagematon
495 625 633 710 adaptari
657 625 696 690 ob
720 645 851 710 eamque
872 645 938 690 rem
962 627 995 690 in
1017 625 1098 691 libro
1114 627 1168 690 IV.
1184 633 1256 711 apta
1272 647 1336 692 non

231 730 302 814 legi,
325 732 449 796 nam-si
472 733 543 815 quis
565 733 740 796 accuratius
762 735 964 816 perspexerit,
986 732 1075 797 facile
1097 734 1264 818 intelleget,
1286 753 1336 798 res

232 837 282 900 his
305 837 456 920 exemplis
479 841 624 903 tractatas
642 859 661 904 a
677 857 792 924 genere
810 841 1006 924 strategioon,
1029 860 1110 924 quae
1127 840 1206 905 libro
1226 846 1336 924 quarto

233 945 440 1024 continentur,
453 962 516 1008 nen
526 963 594 1009 esse
608 946 733 1011 alienas.
758 944 879 1020 Quibus
893 945 932 1008 de
947 946 1050 1010 causis
1061 953 1112 1012 str.
1123 946 1177 1010 IV.
1189 948 1218 1030 5,
1228 948 1333 1010 8-11

232 1051 290 1114 hoe
313 1052 381 1115 loco
403 1052 540 1134 genuina
562 1069 630 1116 esse
653 1053 805 1116 existimo.

318 1157 453 1222 Tantum
475 1157 545 1222 dico
568 1157 607 1221 de
629 1157 925 1242 interpolationibus.
973 1157 1046 1221 Alia
1073 1158 1228 1241 exempla,
1255 1178 1336 1242 quae

232 1264 329 1328 dubia
358 1267 521 1348 putantur,
552 1263 608 1328 sed
639 1265 673 1327 in
705 1264 864 1328 codicibus
895 1262 1037 1328 Frontini
1068 1267 1194 1329 nomine
1225 1265 1336 1329 tradita

232 1377 315 1451 sunt,
338 1372 515 1456 quaestioni
537 1369 679 1436 subicere
701 1371 778 1435 mihi
801 1371 900 1435 bceut.

320 1477 549 1561 Aggrediamur
574 1496 660 1541 nuno
687 1495 753 1542 rem
784 1477 981 1562 propositam.
1031 1475 1235 1561 Praemonee,
1263 1498 1336 1542 cum

233 1581 374 1652 Frontini
402 1585 536 1648 elocutio
558 1585 659 1647 multa
686 1603 757 1648 cum
786 1584 974 1667 optimorum
1001 1585 1186 1669 scriptorum
1214 1584 1336 1648 dicendi

233 1690 458 1756 consuetudine
480 1691 659 1754 communia
680 1689 801 1772 habeat,
828 1691 860 1753 in
883 1690 1066 1754 universum
1089 1710 1139 1754 me
1166 1691 1246 1755 hanc
1273 1691 1335 1755 dis-

233 1798 362 1882 putandi
393 1798 545 1861 rationem
576 1800 758 1861 secuturum
790 1815 871 1879 esse,
904 1801 941 1859 ut
975 1815 1028 1862 eas
1064 1799 1160 1862 totius
1190 1799 1337 1862 materiae

233 1910 346 1990 partes,
387 1906 420 1967 in
457 1902 575 1987 quibus
611 1903 732 1985 aliquas
770 1902 993 1987 discrepantias
1029 1903 1187 1968 detexisse
1220 1904 1335 1987 videor,

233 2012 385 2096 exemplis
407 2029 449 2075 ex
471 2010 629 2092 scriptoris
648 2007 793 2092 operibus
814 2010 920 2093 petitis
937 2012 1100 2093 instruam,
1122 2009 1259 2093 reliquas
1281 2015 1337 2074 aut

233 2120 340 2201 paucis
371 2115 475 2203 rerbis
507 2117 672 2198 attingam
690 2119 745 2180 aut
775 2115 902 2178 omnino
931 2116 1053 2180 silentio
1085 2117 1335 2200 praetermittam.

227 2223 293 2309 „Sed
321 2224 445 2307 saepius
472 2223 633 2286 usitatiora
660 2239 786 2304 quoque
813 2221 921 2285 afferre
948 2227 1075 2285 coactus
1097 2241 1182 2302 sum,
1202 2226 1244 2285 ,ut
1271 2222 1337 2286 sive

234 2349 418 2395 consensum
451 2330 518 2394 sive
549 2328 729 2409 discrimen,
762 2327 845 2412 quod
877 2329 1007 2390 interest
1035 2327 1118 2390 inter
1147 2326 1243 2391 libros
1274 2332 1337 2393 tres

232 2439 350 2522 priores
373 2439 610 2520 strategematon
634 2439 664 2498 et
685 2431 799 2498 librum
824 2438 978 2518 quartum,
1002 2433 1252 2500 demonstrarem.

322 2541 466 2625 Denique
484 2559 691 2605 commemoro
710 2541 743 2602 in
759 2539 817 2603 hec
832 2541 1139 2605 commentationem
1154 2531 1335 2608 universum

233 2648 382 2733 Draegeri
417 2647 533 2712 librum
571 2649 642 2732 qui¹
662 2647 854 2712 inscribitur:
893 2645 1088 2711 Historische
1123 2645 1246 2728 Syntax
1282 2647 1336 2711 der

233 2755 434 2822 lateinischeu
458 2752 600 2837 Spruche,
624 2752 672 2816 Ed
700 2752 740 2816 ΙΙ.
764 2751 843 2836 Lips.
867 2753 952 2816 1878
974 2771 1026 2816 me
1044 2743 1155 2817 ducem
1178 2751 1335 2818 habuisse.

234 2865 272 2928 In
294 2863 370 2926 locis
397 2861 560 2925 afferendis
587 2859 649 2923 libr
680 2858 718 2923 de
745 2863 834 2943 aquis
861 2857 948 2922 urbis
970 2857 1087 2922 Romae
1113 2865 1238 2924 secutus
1265 2880 1335 2924 sum

236 2970 412 3034 editionem.
431 2965 615 3030 Buecheleri
648 2963 739 3048 (Lips.
771 2965 882 3044 1858).
914 2966 946 3027 in
975 2965 1138 3028 laudandis
1165 2966 1239 3030 locis
1266 2964 1333 3030 libr.

236 3080 472 3160 strategcmeton
495 3073 662 3137 edit-ionem
686 3069 920 3134 Gundermauni
943 3069 1038 3154 (lips.
1065 3073 1167 3146 1888).

681 3387 877 3398 ——u———na
