3046 4476
636 148 847 249 „L

185 343 354 408 deducitur
368 345 419 408 vel
434 349 610 409 amovctur:
631 345 670 408 de
686 364 758 429 aqu.
776 350 804 427 4,
823 351 862 408 16
878 367 918 410 aa
936 344 1101 411 maaaba'a's
1115 345 1154 410 de
1168 342 1300 427 Pyrrho

185 452 310 536 captia
343 451 395 516 Sic
427 471 554 536 natoque
581 450 689 516 Cicero
721 471 778 536 pro
811 451 904 516 domo
933 456 988 531 493
1016 449 1082 516 Liv.
1107 455 1159 534 26,
1182 456 1225 516 34
1248 451 1299 536 (ct.

184 557 295 643 Draeg.
318 559 342 623 Ι.
365 579 415 644 pg.
441 560 529 639 682).
558 596 601 606 -
624 557 677 626 Dc
703 557 787 623 valet
813 558 899 622 idem
926 563 1021 642 atque
1047 579 1088 624 ox
1114 557 1301 642 aliquorum

157 734 159 738 ,
184 687 321 747 aamero
343 667 398 753 (cf.
418 664 530 751 Draeg.
553 665 577 730 Ι.
600 686 650 750 pg.
676 667 772 746 627):.
793 671 846 730 str.
869 665 911 730 11.
936 671 969 747 3,
994 670 1012 730 2
1041 664 1144 732 electis
1171 665 1210 732 do
1237 669 1300 732 toto

184 774 326 842 auara
363 773 461 856 vitta
497 773 591 838 etiam
624 777 680 838 str.
714 771 754 836 IL
779 778 844 855 11,
879 779 910 855 1,
947 772 1003 836 ubi
1035 771 1299 838 Gundermannus

173 882 307 966 vscripsit
316 880 437 961 obside
446 903 467 949 a
476 879 683 966 paraapibas
697 879 859 964 acciperet,
875 899 947 946 cum
961 879 1084 945 codices
1095 879 1300 946 vetustissimi

170 1009 207 1057 *a
229 989 387 1070 omittant,
414 1008 486 1053 oum
511 987 737 1056 Zechmeistero
761 987 808 1068 (cf.
833 985 876 1052 St.
891 987 987 1054 Vind.
1011 971 1069 1052 vol.
1095 994 1123 1052 6.
1146 1008 1197 1072 pg.
1221 987 1299 1072 232)
1340 1065 1343 1072 ¹

139 1098 142 1103 ’
183 1095 445 1181 praepositionem
467 1097 505 1162 de
523 1096 557 1160 in
575 1099 697 1160 textum
715 1095 814 1180 recipi
831 1095 954 1175 malim3
977 1115 1052 1158 nam
1067 1095 1144 1159 haec
1163 1095 1253 1160 lectio
1268 1100 1300 1160 et

185 1202 319 1287 quadrat
341 1201 381 1268 ad
404 1220 534 1266 sensum
556 1206 587 1266 et
611 1202 770 1287 aptissima
797 1206 845 1266 est
871 1200 911 1266 ad
938 1203 1125 1286 scripturam
1153 1203 1297 1268 traditam

168 1311 217 1373 -in
249 1307 408 1378 codicibus
441 1308 519 1392 GH,
554 1309 624 1394 ‘qui
660 1329 734 1374 cum
769 1310 956 1396 praepositio
992 1309 1299 1396 incapacitatem

184 1416 356 1486 necessaria
379 1417 433 1500 sit,
460 1415 671 1483 antecedentis
694 1415 841 1482 vocabuli
868 1414 1086 1482 terminatione
1113 1417 1168 1483 des
1189 1436 1298 1481 vocem

184 1524 223 1590 cte
245 1520 424 1608 absorptam
447 1543 516 1590 esse
539 1524 680 1590 indicare
702 1522 873 1590 videntur’.

272 1629 321 1696 De
343 1650 445 1716 praep.
470 1652 509 1697 aa
530 1632 670 1716 primum
692 1649 731 1696 ea
753 1632 898 1717 exempla
921 1631 1030 1697 afferre
1053 1631 1137 1714 volo,
1164 1627 1200 1696 in
1228 1633 1298 1716 qui·

183 1737 244 1802 bus
267 1756 303 1802 ca
325 1757 421 1803 sensu
443 1739 560 1803 modali
582 1743 733 1824 usurpata
761 1743 815 1803 est.
860 1737 988 1803 Praeter
1015 1737 1206 1803 elocutiones
1233 1739 1297 1804 usi-

184 1846 309 1910 tatiores
332 1852 371 1912 aa
388 1845 568 1930 praeceptis
589 1845 643 1928 (ds
662 1845 756 1930 aqu),
779 1866 818 1912 ea
834 1849 971 1914 senatus
988 1845 1134 1912 coarcatto
1152 1845 1201 1926 (de
1217 1867 1298 1931 aqu,

184 1957 236 2016 str.
259 1951 339 2036 Ν),
362 1974 401 2019 aa
423 1953 669 2028 cousuetudine,
694 1975 733 2020 aa
754 1974 855 2035 ruore,
879 1955 1044 2036 conpacto,
1069 1973 1107 2018 aaa
1129 1952 1299 2020 tadastrt'a

181 2063 246 2141 (su.
269 2059 311 2125 11.
338 2067 369 2142 1,
393 2067 427 2140 ⁹3
458 2066 491 2142 a,
516 2065 543 2126 c.
568 2065 625 2140 2⁰3
654 2066 688 2143 s,
714 2066 762 2126 10.
788 2065 837 2124 12.
868 2058 1002 2138 133111.
1029 2064 1078 2142 17,
1104 2060 1144 2142 ι),
1166 2063 1298 2128 excec-

183 2166 286 2235 teata'a
308 2168 422 2249 (strat),
445 2189 461 2233 a
484 2188 519 2234 aa
536 2166 682 2252 publica,
711 2167 859 2230 annotavi
885 2188 926 2233 aa
948 2167 1007 2233 hoc
1028 2167 1134 2233 modo:
1162 2167 1202 2230 de
1224 2187 1296 2250 aqu.
1341 2239 1360 2258 f

184 2279 239 2356 44,
269 2279 323 2354 14,
357 2295 398 2340 eoa
419 2274 573 2342 utilitato:
605 2273 645 2338 de
666 2294 738 2358 aqu.
763 2279 819 2356 48,
848 2278 903 2353 22,
937 2279 1005 2338 taam
1033 2295 1073 2339 aa
1100 2293 1173 2338 cum
1201 2293 1297 2338 sensu

182 2381 302 2446 causali
324 2380 439 2466 legitur
461 2380 500 2448 dc
522 2402 594 2466 aqu.
611 2388 640 2463 8,
665 2386 720 2462 28,
744 2380 855 2446 stall.
873 2387 901 2464 6,
925 2386 1012 2446 9.16
1036 2402 1075 2448 aa
1097 2379 1298 2464 peccatura
1330 2372 1351 2392 ”’

182 2491 234 2553 str.
262 2487 286 2553 I.
315 2495 349 2571 9,
380 2494 395 2552 1
430 2511 471 2556 coa
503 2489 682 2572 menecea
713 2493 765 2553 str.
799 2487 840 2552 Π.
868 2487 975 2572 praef.;
1010 2493 1044 2571 6,
1072 2490 1144 2554 88
1177 2511 1216 2555 ea
1247 2489 1297 2556 dc·

182 2595 380 2678 speratam
411 2599 464 2660 str.
487 2595 528 2663 Π.
554 2602 609 2678 11,
632 2601 652 2659 4
675 2617 714 2661 eoa
736 2594 879 2663 uocitata
904 2615 1032 2676 aeruna·
1058 2593 1115 2659 III.
1148 2599 1181 2674 2,
1209 2601 1228 2661 3
1257 2617 1297 2662 erc

169 2702 275 2789 toapo
297 2702 369 2769 tetta
391 2724 471 2786 aaa·
492 2702 548 2767 IV.
572 2709 601 2785 7,
625 2708 666 2768 36
691 2723 730 2769 ea
751 2701 949 2770 conscientia
971 2703 1140 2786 trepidum.

270 2805 300 2874 3.
322 2809 574 2895 Praepositiones
597 2828 684 2894 sequ.
707 2809 887 2874 amusativo
909 2809 961 2873 vel
983 2808 1128 2874 ablativo.
1244 2851 1252 2862 ·

166 2953 168 2958 ·
269 2915 317 2985 Ia
348 2917 586 3002 praepositionis
617 2918 703 2981 notio
734 2915 867 2980 modalis
898 2916 983 3002 apud
1013 2915 1200 3006 Frontinum
1231 2936 1294 2982 non

182 3044 253 3090 raro
274 3025 443 3090 invenitur.
488 3023 630 3090 Primum
652 3023 822 3088 nonnullos
844 3024 930 3088 locos
953 3023 1063 3089 afferre
1090 3023 1168 3088 mihi
1194 3023 1295 3107 liceat,

181 3128 362 3216 quibusda
389 3131 491 3215 posita
519 3134 568 3196 est
598 3130 639 3195 ad
670 3135 828 3196 eventum⁴
851 3129 1094 3215 significandum
1125 3129 1247 3215 (Draeg.
1269 3131 1293 3199 Ι.

180 3256 230 3322 pg.
253 3239 346 3317 666);
379 3237 419 3302 de
441 3256 512 3321 aqu.
540 3242 571 3318 1,
601 3243 640 3302 18
660 3236 855 3322 a‘acorpas
881 3237 1031 3321 diducta
1061 3236 1101 3304 ia
1132 3236 1295 3322 ordinem

182 3349 237 3428 46,
263 3350 300 3410 11
326 3344 365 3412 a'a
387 3349 531 3412 arctatam
552 3343 744 3424 indurescit
770 3349 822 3428 46,
846 3349 886 3408 26
910 3344 950 3411 a'a
971 3344 1131 3412 raritatem
1156 3343 1295 3412 cerroto

180 3441 284 3534 raian·
308 3457 358 3534 14,
382 3458 411 3516 9.
436 3457 491 3530 26,
518 3457 567 3534 16,
592 3456 610 3515 8
635 3450 842 3532 circumacta,
866 3451 1017 3518 redactas
1037 3451 1076 3518 a'a
1099 3452 1295 3535 rotaadam;

183 3563 237 3641 15,
263 3564 300 3623 11
329 3557 532 3626 insolidum
558 3558 765 3642 capacitatem
787 3558 939 3642 ampliat
969 3565 1018 3641 17,
1048 3563 1087 3624 23
1112 3558 1150 3626 a'a
1173 3562 1295 3626 rectam

180 3663 358 3733 collocatas.
396 3663 519 3730 Deinde
540 3664 653 3729 modus
676 3684 713 3730 ac
734 3665 814 3729 ratio
837 3665 1031 3750 significatur
1052 3665 1102 3731 his
1125 3667 1292 3751 exemplis:

180 3776 233 3836 str.
252 3771 276 3835 I.
293 3779 322 3854 6,
344 3776 359 3834 1
385 3771 424 3838 ta
441 3772 571 3838 modam
589 3792 686 3841 cavae
704 3772 821 3852 laada·
844 3779 873 3854 6,
893 3779 910 3837 6
931 3773 970 3840 ia
988 3775 1125 3840 dearum
1148 3773 1294 3840 ordinem

180 3878 437 3962 airttctt'a,·11.4,
459 3885 498 3945 18
522 3880 561 3946 t'a
583 3879 729 3947 habitam
752 3880 952 3948 sacerdotum
975 3878 1178 3962 attacum
1201 3886 1292 3962 6,12
1422 3919 1424 3925 -

180 3986 219 4053 a'a
241 3988 371 4053 modam
394 3983 636 4069 defaecatorum,
664 3993 698 4069 5,
724 3992 763 4052 13
786 3986 999 4056 autoretate
1022 3987 1169 4069 accam
1193 3994 1226 4070 5,
1251 3991 1291 4052 26
