3046 4476
322 980 345 984 '⁵
456 1007 515 1107 De
545 1005 758 1131 partibus
791 1007 1028 1112 orationis
1102 986 1106 994 ’

523 1205 553 1287 1.
588 1205 645 1287 Da
672 1204 955 1288 substantivis.

235 1405 255 1457 Α
280 1376 309 1446 1.
339 1380 387 1448 De
418 1381 620 1448 substantivis
650 1383 801 1447 concretis
832 1402 963 1447 numero
991 1383 1104 1468 plurali
1135 1385 1291 1469 adhibitis,

193 1487 308 1574 quibus
339 1489 492 1555 adiectiva
521 1491 555 1554 in
587 1485 718 1554 numero
750 1489 901 1573 singulari
933 1492 1073 1575 apposita
1104 1498 1192 1575 sunt,
1227 1512 1291 1557 non

192 1596 326 1660 multum
344 1595 452 1678 habeo,
474 1597 558 1680 quod
576 1595 737 1680 pmferam.
772 1595 919 1679 Legimus
936 1597 976 1660 de
993 1617 1063 1681 aqu
1079 1618 1147 1682 pag.
1165 1601 1215 1682 30,
1235 1602 1290 1680 243

193 1702 245 1784 31,
260 1703 293 1782 83
311 1704 361 1785 31,
378 1703 428 1785 17,
438 1703 479 1766 25
496 1703 563 1766 aliis
578 1703 723 1789 regiones
727 1702 878 1785 primam,
895 1703 1076 1786 secandam,
1093 1705 1219 1772 tertiora
1235 1711 1290 1771 etc.

192 1807 335 1873 Alterum
366 1809 559 1894 exemplum,
591 1828 653 1893 quo
680 1826 794 1872 nornen
821 1808 1042 1892 appellativum
1070 1828 1107 1874 eo
1134 1831 1197 1894 quo
1224 1812 1292 1877 dixi

191 1914 284 1979 modo
311 1914 485 1981 adhibitum
516 1920 576 1997 est,
606 1915 713 1979 inveni
745 1915 784 1979 de
814 1933 885 1998 aqu.
918 1915 970 1997 21,
1003 1917 1043 1978 21
1081 1914 1227 1984 Curtium
1263 1924 1294 1986 et

195 2018 384 2088 Caeruleum
399 2021 522 2105 sontes.
567 2020 656 2086 Idem
682 2022 861 2104 exemplum
887 2021 975 2086 affert
1001 2020 1112 2107 Draeg.
1135 2023 1175 2091 IL
1198 2025 1291 2109 praef.

191 2147 240 2212 pg.
262 2126 317 2209 IV.
341 2147 382 2192 ex
404 2127 484 2218 Plin.
509 2127 560 2210 36,
586 2128 656 2192 122.

238 2251 246 2261 ·
278 2229 322 2299 2.,
336 2233 400 2300 Ubi
431 2236 597 2318 genetivus
622 2235 787 2319 partitivus
814 2238 1023 2318 exspectatur,
1055 2255 1169 2300 nomen
1200 2257 1292 2321 appo-

190 2340 333 2406 sitionale
362 2341 522 2404 invenitus
553 2345 636 2406 strat.
669 2339 694 2404 l.
709 2340 759 2422 ,6,
788 2341 804 2403 1
839 2339 1050 2426 legionen..
1076 2390 1084 2406 .
1106 2391 1114 2408 .
1148 2343 1293 2426 quinque

191 2445 330 2532 cobortes
365 2447 404 2520 io
440 2448 587 2515 doxtrum
623 2447 694 2514 raiae
712 2505 717 2513 .
726 2449 854 2530 parton
891 2447 1023 2528 direxit,
1067 2448 1212 2532 quinque
1250 2452 1294 2518 od

192 2552 367 2622 mnietrom.
412 2553 500 2619 Haec
521 2555 724 2635 constructio,
746 2552 829 2636 apud
851 2553 1016 2637 scriptores
1043 2572 1157 2618 aureae
1184 2557 1293 2621 aetatis

191 2661 357 2742 rarissima,
380 2662 504 2744 saepius
526 2657 664 2724 adhibita
687 2663 734 2724 est
756 2679 776 2722 a
797 2657 892 2724 livio.
938 2657 985 2723 Ile
1007 2678 1084 2729 voce
1106 2655 1198 2728 milia
1220 2681 1293 2727 eum

191 2765 386 2844 substantivo
408 2767 517 2832 eodem
539 2785 615 2830 casu
642 2767 810 2829 coniuncta
836 2765 872 2828 cf.
895 2766 990 2830 buius
1016 2763 1126 2830 comm.
1149 2785 1218 2850 pag.
1241 2776 1292 2844 25,

235 2934 242 2944 ,
273 2868 307 2942 -3,
330 2872 531 2939 substantiva
552 2876 703 2952 concreta
716 2889 848 2935 numero
870 2872 1021 2955 singulari
1039 2872 1200 2936 collective
1223 2887 1293 2956 per·

184 2998 283 3064 saepe
304 2978 472 3046 Frontinus
495 2978 646 3060 adhibuit,
669 2997 743 3043 cum
765 2984 872 3042 nostra
893 2978 1002 3061 lingua
1022 2982 1150 3042 utamur
1171 2979 1293 3063 plurali.

192 3083 404 3170 Congruenter
425 3105 498 3150 eum
512 3084 602 3150 Livio
618 3086 804 3169 plerumque
822 3087 951 3148 nomina
973 3086 1114 3168 gentium
1138 3088 1169 3149 et
1190 3092 1293 3170 partes

192 3195 346 3260 exercitus
363 3194 408 3257 ita
429 3197 628 3276 usurpantur.
664 3190 805 3274 Excepta
826 3209 904 3254 voce
926 3189 1045 3273 bostis,
1058 3208 1139 3275 quae
1161 3196 1193 3256 et
1214 3195 1294 3276 prio-

192 3319 264 3363 rum
289 3301 384 3364 trium
410 3299 561 3364 libromm
589 3301 620 3363 et
647 3298 751 3380 quarti
779 3296 850 3360 libri
882 3301 1121 3380 stratagematon
1151 3298 1294 3382 plurimis

192 3406 268 3470 locis
290 3425 420 3470 numero
443 3405 594 3489 singulari
616 3406 718 3488 posita
740 3409 795 3484 est,
818 3403 962 3487 exempla
977 3421 1066 3493 'quae
1087 3406 1196 3468 inveni
1218 3405 1295 3468 haec

192 3516 279 3576 sunt:
302 3516 386 3576 strat
404 3510 429 3576 L
455 3512 518 3594 1,6
542 3510 704 3592 Parthum
728 3511 792 3590 1‚e
816 3507 943 3590 Poeno5
965 3510 1030 3591 2,2
1053 3509 1149 3576 militi
1170 3514 1296 3594 nostra·

192 3619 278 3701 4,11
302 3618 432 3686 militem
455 3619 614 3686 traiicere:
639 3616 704 3700 6‚1
729 3615 884 3699 explicato
905 3615 1020 3698 nrr'lt'te;
1042 3617 1107 3697 8,3
1129 3616 1170 3682 ira
1192 3614 1296 3682 Senti

191 3731 285 3807 nota·
308 3725 394 3808 11,5
416 3725 524 3806 mites,
548 3724 599 3806 11,
614 3725 652 3787 11
674 3722 874 3806 paratiorem
894 3722 1042 3804 militem
1066 3722 1174 3804 11,13
1197 3722 1296 3790 milite

192 3836 350 3913 uterorum
374 3831 424 3913 11,
442 3830 609 3912 1411111211,Ι
630 3828 671 3893 II.
689 3830 717 3912 l,
732 3830 754 3892 4
769 3826 895 3910 Poena·
915 3829 943 3910 1,
960 3830 980 3892 9
995 3828 1056 3894 siti
1070 3849 1135 3894 esso
1149 3829 1296 3911 militem

193 3940 226 4020 2,
251 3940 270 4002 5
292 3936 424 4004 militaro
452 3937 579 4019 edant&
610 3938 644 4018 2,
671 3936 692 3999 8
719 3935 850 4002 mititem
872 3934 1045 4018 collocarat,
1077 3936 1111 4018 2,
1136 3937 1156 3999 9
1182 3935 1296 4018 equita

193 4046 227 4127 2,
251 4044 290 4108 11
316 4045 357 4112 o'n
376 4043 497 4128 recolite,⁸
525 4043 622 4126 2,12
651 4042 862 4110 circumducto
884 4041 1007 4127 pcdite;
1034 4042 1109 4126 3,1
1138 4040 1292 4126 Hispani,
