3046 4476
611 205 734 302 *47

248 397 387 466 miscere.
416 397 610 464 Constructio
620 399 859 467 miscereaiimi
874 399 1010 483 aliquid,
1028 398 1269 484 quallrontinus

162 506 275 588 utitur,
298 505 481 570 melioribus
504 524 630 589 qnoque
653 505 857 590 scriptoribus
879 507 914 570 in
935 525 997 571 usu
1018 506 1077 570 fuit
1085 508 1119 586 ¹t:
1143 506 1167 573 1.
1192 514 1225 588 9,
1249 511 1267 570 3

161 611 278 678 mmtoe
292 612 338 678 eis
353 611 411 694 pai
426 616 518 679 entra
533 611 682 679 delictum
695 617 805 694 eramt;
821 611 860 678 Π.
881 618 915 694 3,
932 617 972 676 22
994 611 1047 680 cmi
1062 612 1270 680 velocissimos

160 718 291 785 miscuit
311 718 475 802 peditum·
506 725 535 802 7,
565 723 604 784 13
633 718 763 786 miscuit
789 739 866 786 vera
891 716 1001 801 falsis·
1032 737 1105 783 cnm
1131 737 1269 804 praepos.

162 845 249 890 mm:
278 825 317 888 de
343 844 415 908 aqu
445 829 496 905 27,
525 830 564 890 le
592 824 784 893 miscebatur
809 845 882 892 cam
909 823 1040 892 Amiome
1066 846 1166 909 πονο,
1193 827 1270 890 item
1359 863 1361 868 ·

157 931 363 1015 permiscere:
385 930 423 995 de
445 951 516 1015 aqu.
541 937 592 1012 35,
616 937 634 995 3
658 951 732 996 cum
754 928 886 997 Anime
903 931 1075 1015 promtam·

251 1042 364 1121 aptare
386 1039 471 1118 (cum
493 1037 597 1102 dativo
619 1035 702 1121 apud
718 1035 906 1120 Vergilium,
929 1035 1081 1120 Livium):
1105 1041 1190 1106 strat.
1212 1037 1269 1102 III.

164 1152 193 1226 9,
220 1150 239 1209 3
269 1143 452 1231 plndiispme
483 1148 569 1230 terpo
596 1142 731 1228 aptatis·
764 1148 814 1225 17,
848 1149 866 1208 6
895 1163 962 1225 qma
987 1164 1024 1209 re
1046 1144 1171 1228 proelio
1198 1165 1270 1212 mom

164 1255 288 1336 aptatos
310 1249 501 1333 trucidarit·
527 1269 600 1314 cum
622 1268 725 1336 praep.
749 1251 792 1316 cd
819 1253 1034 1313 constructum
1055 1252 1162 1316 inveni
1184 1256 1268 1316 strat

162 1358 186 1421 I.
216 1365 249 1439 8,
277 1364 296 1421 b
325 1356 435 1440 aptari
461 1356 505 1423 nd
525 1376 692 1442 pmpmam;
718 1375 792 1420 oum
819 1374 920 1440 praep.
947 1355 1000 1423 im:
1028 1360 1080 1421 str.
1108 1356 1161 1422 IV.
1190 1364 1221 1440 1,
1249 1363 1266 1423 7

162 1462 285 1532 cibaria
306 1462 345 1529 im
367 1460 537 1544 fenuculo:
559 1466 679 1546 aptata.

250 1565 279 1635 2.
307 1567 468 1653 Sequitur,
497 1574 533 1633 ut
561 1568 662 1633 dicam
689 1568 729 1632 de
755 1589 816 1633 nsn
843 1569 939 1634 dativi
967 1568 1071 1636 verbis
1098 1571 1270 1636 transitivis

163 1682 194 1742 et
215 1677 421 1741 intransitivis
439 1694 511 1740 cum
530 1675 756 1760 praepositione
779 1676 957 1760 compositis
979 1675 1119 1742 subiecti.
1160 1676 1199 1742 In
1220 1677 1270 1744 his

163 1782 266 1847 verbis
303 1781 487 1846 adhibendis
528 1783 662 1847 maiores
705 1781 929 1866 discrepantiae
968 1783 1151 1848 statuendae
1187 1789 1269 1850 sunt

163 1888 331 1953 Frontinus
354 1889 439 1953 enim
458 1889 649 1972 discrepata
670 1886 762 1952 bonis
780 1888 995 1973 scriptoribus,
1019 1891 1111 1954 etiam
1134 1887 1270 1971 abivio,

163 2014 200 2059 eo
232 1994 316 2078 quod
353 2014 425 2059 cum
455 1995 518 2059 illis
550 1994 667 2077 verbis,
703 2013 799 2078 quae,
835 1997 862 2058 si
898 1996 1044 2060 translate
1075 1995 1271 2078 adhibentur,

164 2101 305 2165 dativum
328 2101 513 2184 adsciscere,
540 2103 567 2166 si
590 2101 696 2165 localis
711 2103 804 2166 *nouo
826 2101 926 2183 adest,
949 2120 1022 2167 cum
1045 2103 1270 2186 praepositione

162 2208 348 2293 plerumque
377 2209 526 2292 coniungi
555 2210 632 2274 satis
659 2212 769 2272 notum
792 2214 840 2272 est
868 2206 992 2294 (Draeg.
1019 2208 1043 2272 1.
1071 2229 1120 2293 pg.
1148 2215 1211 2275 406
1240 2215 1272 2274 et

165 2315 249 2394 419),
285 2315 354 2380 sive
387 2315 427 2379 ad
457 2315 562 2380 locum
599 2316 766 2400 pertinent,
804 2316 871 2380 sive
902 2317 1059 2380 notionem
1090 2317 1270 2380 translatam

163 2419 327 2503 exhibent,
355 2422 535 2506 saepissime
562 2421 704 2487 dativum
726 2423 900 2505 coniungit,
926 2423 1183 2506 praepositionem
1205 2427 1270 2486 tam

163 2547 234 2592 raro
252 2529 355 2610 iterat,
382 2533 418 2592 ut
440 2547 590 2592 numerus
612 2528 738 2592 illorum
760 2528 913 2609 locorum,
940 2528 1057 2612 quibus
1084 2529 1269 2613 praepositio

165 2634 326 2718 omittitur,
349 2635 405 2697 vix
428 2653 499 2698 cum
522 2634 597 2716 illis,
624 2633 740 2717 quibus
762 2635 863 2718 posita
885 2639 945 2717 est,
972 2636 1143 2719 comparari
1165 2637 1269 2720 possit

165 2740 325 2806 Permulta
362 2740 490 2823 quidem
527 2739 696 2804 Frontinus
735 2759 892 2823 nusquam
934 2759 1007 2805 cum
1044 2741 1271 2825 praepositione

165 2847 348 2911 constmxit
393 2844 462 2922 Quo
490 2846 604 2910 clarius
632 2852 737 2912 autem
765 2865 803 2911 ea
828 2865 909 2931 quae
931 2847 970 2912 de
996 2846 1162 2913 verborum
1185 2865 1270 2911 com·

164 2955 335 3038 positorum
362 2971 424 3018 usu
451 2952 520 3017 dixi
546 2952 769 3035 demonstrem,
798 2956 934 3037 primum
962 2954 1067 3018 omnia
1094 2953 1147 3017 illa
1173 2953 1270 3018 verba

165 3061 304 3142 afferam,
347 3077 428 3144 quae
466 3079 538 3125 cum
579 3060 806 3144 praepositione
848 3065 1024 3124 constructa
1058 3061 1271 3143 inveniuntur,

165 3167 278 3232 additis
300 3167 365 3230 illis
388 3185 515 3251 quoque
538 3167 626 3249 locis,
650 3165 766 3250 quibus
783 3168 969 3252 praepositio
988 3167 1103 3231 omissa
1121 3171 1179 3248 est,
1202 3171 1271 3230 tum

164 3293 202 3338 ea
238 3271 335 3338 verba
371 3272 574 3356 enumerabo,
616 3291 697 3357 quae
734 3293 898 3357 nunquam
935 3293 1008 3338 cum
1045 3273 1272 3356 praepositione

164 3382 405 3464 coniunguntur.

253 3484 714 3570 a)Verbacomposita,quorum
724 3486 858 3572 simplex
868 3485 1052 3551 estverbum
1061 3486 1269 3550 transitivum:

253 3595 302 3673 aa)
326 3611 399 3657 cum
421 3593 662 3676 praepositione:

253 3699 411 3785 edlipare:
431 3704 515 3763 strat.
534 3698 557 3763 Ι.
574 3707 607 3781 3,
628 3704 668 3763 26
688 3699 819 3766 buculos
833 3700 877 3767 ed
892 3697 1020 3767 arbores
1039 3697 1270 3784 eriperemur

167 3814 196 3890 5,
211 3808 252 3870 28
267 3805 384 3889 quibus
398 3803 482 3890 (dat)
496 3806 540 3873 od
553 3825 679 3874 ammira
692 3804 862 3888 fesciculos
881 3805 1086 3891 altipaoerct;
1108 3803 1162 3868 IV.
1177 3804 1268 3889 praef.

255 4035 274 4106 ¹)
292 4033 334 4090 Ol.
353 4031 491 4100 Kuebner,
510 4034 634 4091 Gramm.
653 4034 701 4091 lat.
720 4036 736 4104 θ
755 4035 796 4104 76,
815 4037 841 4091 6.
