3046 4476
744 164 806 227 108

308 359 371 425 Sed
393 361 470 425 haec
492 361 651 425 hactenus.
697 358 827 444 Siquis
855 379 904 442 ea,
933 379 1014 445 quae
1041 361 1080 424 de
1103 360 1245 426 Frontini
1272 362 1335 425 elo·

219 469 345 532 cutione
385 469 541 552 congessi,
579 467 836 549 consideraverit,
876 468 909 531 in
952 467 1097 532 omnibus
1134 467 1198 532 fere
1239 467 1335 533 rebus

218 575 430 662 grammaticis
444 574 563 639 librum
579 579 726 659 quartum
742 579 984 659 stratagematon
998 595 1070 639 cum
1087 576 1196 640 ceteris
1212 576 1335 661 scriptis

219 682 434 748 Frontinianis
456 683 633 748 consentire
655 682 858 767 profitebitur.
895 682 1007 766 ltaque
1030 681 1116 767 quod
1138 683 1273 767 pertinet
1294 681 1335 746 ad

219 789 343 855 dicendi
367 790 641 870 consuetudinem,
669 809 763 854 causa
785 808 848 853 non
874 794 935 871 est,
959 789 1042 872 quod
1070 789 1188 853 librum
1215 788 1270 853 IV.
1294 789 1334 853 ad

219 898 316 963 alium
344 902 503 962 auctorem
533 902 627 982 atque
655 895 842 960 Frontinum
868 896 1048 962 referamus.
1083 895 1168 960 :Jam
1192 895 1334 961 Gunder-

219 1023 355 1070 mannus
379 1004 616 1089 quaestionibus
640 1004 706 1068 suis
728 1005 762 1068 in
785 1022 854 1068 eam
877 1004 1047 1088 perductus
1069 1009 1118 1068 est
1140 1004 1335 1084 sententiam,

218 1118 255 1176 ut
282 1117 441 1176 auctorem
469 1111 542 1176 libn'
569 1111 625 1178 IV.
649 1116 733 1178 strat.
761 1116 860 1175 aetate
887 1130 950 1175 non
978 1112 1115 1176 multum
1143 1131 1162 1174 a
1184 1110 1334 1176 Frontino

219 1219 335 1286 distare
358 1220 556 1284 existimaret
578 1218 625 1299 (cf.
650 1223 769 1303 quaest.
792 1239 842 1303 pg.
867 1221 958 1300 326),·
977 1239 1051 1283 oum
1068 1219 1335 1302 Wachsmuthius‚

220 1327 312 1392 cuins
335 1327 468 1410 vestigia
484 1324 682 1390 Woelfflinus
705 1332 833 1390 secutus
855 1331 911 1408 est,
934 1324 1052 1390 librum
1068 1324 1123 1393 IV.
1146 1326 1186 1390 ab
1210 1332 1336 1392 auctore

220 1433 337 1498 saeculi
373 1432 428 1496 IV.
461 1433 512 1496 vel
539 1431 578 1497 V.
610 1452 639 1517 p.
677 1432 748 1496 Chr.
785 1434 995 1518 conscriptum
1027 1451 1096 1498 esse
1132 1433 1335 1499 contenderit.

221 1538 343 1617 Quodsi
371 1545 402 1604 et
429 1539 623 1622 conceditur,
650 1539 768 1604 librum
789 1539 845 1604 IV.
869 1539 1061 1625 temporibus
1083 1540 1226 1606 Frontini
1249 1543 1337 1606 attri-

219 1647 384 1713 buendum
407 1665 483 1728 esse,
507 1651 538 1711 et
560 1647 594 1710 in
613 1651 677 1711 tota
692 1646 758 1712 fere
773 1648 949 1712 elocutione
965 1648 1102 1714 ducrum
1118 1649 1173 1733 qui
1189 1648 1337 1713 dicuntur

219 1733 405 1839 scriptorum
439 1759 629 1818 concentum
660 1756 762 1818 inesse
793 1756 903 1837 negari
934 1774 999 1819 non
1031 1760 1144 1840 potest,
1176 1775 1240 1819 non
1271 1756 1335 1819 iarn

219 1859 330 1926 dubito
352 1861 471 1926 librum
489 1860 545 1924 lV.
565 1861 604 1924 ad
623 1861 758 1926 eundem
778 1866 937 1928 auctorem
956 1881 1103 1927 revocare
1122 1869 1216 1946 atque
1238 1860 1336 1926 libros

219 1973 282 2034 tres
304 1969 432 2053 priores,
454 1968 637 2053 praesertim
659 1987 733 2032 cum
756 1973 859 2033 cetera
882 1989 1008 2054 quoque
1026 1989 1195 2034 causarum
1212 1987 1336 2054 genera,

220 2094 302 2160 quae
317 2074 578 2140 Wacbsmuthius
597 2080 628 2139 et
640 2074 840 2140 Woelfflinus
858 2077 1066 2160 protulerunt,
1088 2081 1126 2140 ut
1147 2074 1265 2139 librum
1279 2074 1335 2139 IV.

220 2203 238 2247 a
256 2180 405 2246 Frontino
425 2181 671 2247 abiudicandum
693 2201 763 2247 esse
786 2183 993 2266 ostenderent,
1016 2185 1049 2247 in
1072 2184 1258 2248 universum
1277 2183 1336 2247 im·

218 2287 382 2375 probanda
405 2308 473 2354 esse
496 2289 777 2354 demonstraverint
799 2289 941 2354 Fritaeus
965 2297 996 2354 et
1017 2289 1255 2355 Esternauxius.

308 2395 429 2479 Restat,
465 2402 502 2462 ut
537 2398 646 2481 paucis
677 2397 782 2462 verbis
819 2399 985 2480 attingam,
1022 2397 1108 2481 quod
1139 2397 1178 2461 de
1210 2400 1336 2460 auctore

219 2503 292 2568 libri
314 2503 370 2568 IV.
393 2523 495 2588 nuper
517 2504 647 2589 protulit
669 2502 709 2568 M.
729 2502 850 2569 Schanz
875 2504 925 2590 (of.
948 2502 1027 2569 Phil.
1047 2505 1107 2568 vol.
1128 2509 1178 2568 48.
1202 2522 1250 2588 pg.
1272 2507 1336 2567 674

220 2617 252 2678 et
275 2611 336 2690 75).
384 2609 497 2676 Censet
523 2611 591 2692 ille,
617 2611 686 2677 libr.
709 2611 765 2676 IV.
789 2611 828 2675 ab
857 2631 893 2676 eo
920 2611 1075 2696 praefecto
1102 2611 1240 2675 militum
1255 2628 1337 2674 con·

220 2720 370 2803 scriptum
394 2736 470 2800 esse,
494 2719 549 2802 qui
574 2739 656 2783 anno
681 2725 731 2785 to.
749 2739 777 2803 p.
795 2717 864 2785 Chr.
884 2718 1042 2802 Lingones
1065 2718 1097 2782 in
1121 2717 1336 2782 Romanomm

219 2831 405 2912 potestatem
427 2826 581 2912 redegerit
604 2825 655 2908 (cf.
680 2834 733 2891 str.
757 2825 812 2890 IV.
837 2832 867 2907 3,
893 2824 960 2909 14),
983 2827 1067 2890 hunc
1090 2826 1125 2888 in
1148 2823 1254 2888 libabo
1278 2842 1336 2889 suo

220 2933 434 3019 componendo
466 2952 540 2997 cum
572 2933 641 2996 aliis
669 2933 811 2997 fontibus
838 2938 906 2996 turn
934 2931 1077 2997 Frontini
1108 2931 1336 3015 strategematis

220 3061 316 3106 usum
339 3059 421 3119 esse;
446 3060 557 3105 rursus
580 3039 619 3105 ab
645 3041 706 3104 alio
729 3041 815 3104 hunc
836 3039 981 3104 libellum
1003 3059 1076 3104 cum
1095 3038 1235 3103 llrontini
1257 3042 1337 3103 stra·

220 3152 397 3231 tegematon
424 3147 513 3212 libris
541 3147 645 3213 tribus
671 3149 705 3210 in
733 3167 834 3210 unum
862 3167 976 3230 corpus
1003 3146 1220 3228 coniunctum,
1247 3165 1337 3230 prae-

219 3253 368 3320 fationem
401 3273 483 3339 quae
515 3273 602 3319 nunc
634 3255 675 3320 sit
706 3254 779 3318 libri
810 3254 865 3320 IV.
899 3256 1046 3339 scriptam
1078 3254 1235 3338 primique
1263 3252 1337 3318 libri

220 3365 460 3446 stratagematon
482 3362 707 3447 praelationem
729 3360 836 3426 verbis
860 3359 897 3427 st
926 3361 984 3444 qai
1011 3364 1111 3426 aaut
1133 3410 1141 3426 .
1166 3410 1174 3426 .
1201 3410 1207 3425 .
1227 3359 1338 3445 poeui-

219 3489 293 3534 mus
315 3474 439 3532 auctam
462 3487 538 3536 esse.
574 3468 662 3535 Haec
686 3469 831 3534 Schanzii
849 3469 1033 3548 sententian
1056 3469 1157 3552 posita
1176 3472 1222 3532 est
1237 3469 1271 3531 in
1290 3487 1336 3551 eo,

221 3575 305 3659 quod
328 3574 398 3640 fieri
420 3595 483 3640 non
507 3577 619 3661 possit,
641 3582 679 3641 ut
700 3579 742 3660 ie,
766 3578 821 3660 qui
844 3575 942 3640 libros
965 3580 1029 3639 tres
1051 3575 1171 3660 priores
1194 3574 1337 3640 Frontini

221 3684 376 3769 complere
399 3683 534 3750 voluerit
556 3689 587 3748 et
609 3704 643 3749 se
666 3684 851 3748 Frontinum
877 3702 944 3748 esse
966 3682 1151 3767 profiteatur
1173 3681 1223 3766 (cf.
1243 3682 1336 3767 praef.

219 3801 432 3812 ——m———u—

311 3843 332 3912 ¹)
360 3841 439 3910 Qnae
467 3841 584 3913 repetita
611 3847 654 3897 est
680 3840 710 3896 in
736 3819 918 3898 ‘Geschichte
944 3839 992 3896 der
1019 3843 1087 3896 rbm.
1116 3839 1283 3895 Litteratur’
1310 3857 1336 3898 r.

220 3930 260 3986 M.
270 3929 384 3998 Scbnnz,
395 3930 434 3986 11.
444 3929 503 3985 Teii
515 3929 686 4000 (Handbuch
695 3931 744 3985 der
752 3929 836 3986 klass.
848 3925 1199 3996 Altertumswissenschait,
1208 3928 1336 4002 herausg.

220 4037 246 4077 v.
265 4019 294 4078 J.
312 4036 338 4076 v.
357 4018 468 4089 Mliller,
488 4019 537 4076 Bd.
557 4020 653 4092 VIII),
671 4019 812 4076 Mfinoben
833 4019 911 4088 1892,
929 4037 974 4092 pg.
993 4019 1054 4075 469.
