3046 4476
407 867 470 966 De
500 867 743 967 enuntiato
775 868 994 988 simplici.

356 1064 386 1146 L
421 1064 479 1146 De
506 1063 691 1148 subiecto
723 1066 768 1146 et
797 1063 1053 1166 praedicato.

238 1239 267 1307 1.
291 1241 543 1308 constructiones
561 1243 744 1308 adsensum
760 1263 839 1327 quas
857 1248 972 1308 vocant
989 1239 1084 1326 (κατὰ
1104 1240 1251 1327 σύνεσιν)

151 1370 169 1414 a
192 1349 338 1413 Frontino
364 1368 523 1433 nusquam
548 1350 593 1412 ita
620 1350 841 1433 admittuntur,
866 1355 903 1414 ut
928 1348 1061 1414 verbum
1086 1349 1254 1434 praedicati

149 1457 183 1519 in
207 1474 337 1520 numero
363 1455 476 1540 plurali
501 1456 639 1540 positum
664 1455 705 1520 ad
731 1475 846 1522 nornen
875 1456 1073 1522 collectivum
1100 1455 1254 1541 singulari

149 1567 335 1647 usurpatum
370 1563 406 1625 in
437 1562 548 1627 eodem
584 1563 745 1627 enuntiato
775 1563 931 1628 referatur.
984 1561 1066 1627 Nam
1104 1562 1143 1626 de
1181 1581 1254 1645 aqu.

152 1673 185 1750 2,
209 1666 279 1752 8l9‚
306 1688 369 1752 quo
391 1688 455 1733 uno
478 1670 546 1733 loco
567 1687 739 1754 pronomen
762 1669 897 1752 potsque
919 1687 993 1733 cum
1014 1668 1110 1734 verbo
1133 1667 1254 1752 praecli-

150 1776 211 1838 cati
237 1775 349 1859 plurali
376 1780 525 1860 usurpato
556 1776 708 1859 scriptum
734 1773 932 1856 videbamus,
963 1793 1036 1839 oum
1063 1773 1254 1839 Buechelero

149 1900 236 1944 nune
257 1881 404 1965 legimus:
426 1903 487 1966 por
509 1901 588 1964 pccos
609 1901 754 1964 pcccpae
775 1901 888 1948 earam
911 1928 919 1946 .
941 1928 949 1946 .
970 1927 1005 1946 ..
1023 1880 1181 1964 perduco
1202 1879 1253 1946 sit.

152 2023 192 2034 —-
217 1986 278 2052 Sed
300 1989 335 2050 in
361 1989 530 2052 enuntiatis
556 1986 768 2052 subordinatis
794 1985 953 2051 interdum
979 1985 1153 2050 subiectum
1181 2005 1255 2050 oum

149 2094 325 2177 praedicato
355 2096 388 2157 in
415 2113 544 2158 numero
571 2094 686 2179 plurali
708 2094 911 2157 coniunctum
938 2097 1053 2175 exstat,
1080 2092 1119 2156 ad
1145 2110 1255 2157 vocem

151 2202 322 2265 sententiae
347 2201 528 2285 principalis
554 2200 749 2265 collectivam
776 2199 927 2283 singulari
953 2203 1135 2283 usurpatam
1161 2199 1255 2284 perti-

150 2325 236 2372 nens.
282 2305 327 2386 Oi.
350 2312 434 2372 strat
457 2304 499 2370 11.
522 2312 553 2390 2,
582 2312 620 2370 11
645 2328 684 2374 ec
701 2310 814 2390 parce
840 2306 979 2388 sedeate,
1008 2305 1094 2388 qaod
1120 2305 1255 2372 occisam

151 2415 349 2481 crederent
370 2412 546 2496 consulam
567 2412 607 2477 ll.
633 2420 683 2494 11,
702 2419 721 2477 3
740 2411 927 2480 Aaronom
952 2460 961 2477 .
985 2460 994 2478 .
1012 2413 1255 2496 perdomitoque

156 2521 323 2596 Tlarccco
343 2525 457 2604 peteras
478 2518 606 2601 Asiam,
634 2521 770 2602 ceritas,
798 2539 841 2587 cce
862 2523 937 2603 post
957 2519 1063 2603 ipsias
1084 2519 1256 2586 discessum

153 2632 343 2695 sumerent
373 2647 480 2708 cuca,
512 2647 601 2712 repes
630 2647 758 2692 eoram
781 2675 790 2692 .
813 2675 822 2693 .
846 2675 855 2692 .
881 2645 986 2692 secam
1011 2625 1098 2692 celat
1123 2624 1256 2692 honoris

151 2755 249 2802 caasa
273 2734 389 2815 traxit·
416 2733 557 2797 similiter
578 2732 618 2795 Π.
643 2739 673 2815 3,
696 2738 738 2796 22
761 2732 915 2816 triplicem
940 2732 1101 2800 instrasti
1122 2732 1253 2813 aciem,

151 2861 311 2924 quoram
336 2839 513 2925 scapulae
535 2839 635 2906 decos
662 2840 792 2906 ordines
815 2887 823 2904 .
847 2887 856 2906 .
881 2887 890 2904 .
913 2837 1107 2906 habuerant.
1152 2835 1255 2902 Simili

151 2949 379 3012 constructione
415 2944 584 3010 Frontinus
621 2946 734 3026 utitur,
769 2944 824 3008 ubi
859 2943 1014 3009 obiectum
1048 2943 1181 3009 refertur
1215 2944 1255 3009 ad

151 3056 311 3119 notionem
342 3054 514 3118 sententiae
543 3053 710 3136 primariae
741 3052 947 3133 collectivam,
977 3056 1061 3116 strat
1088 3049 1145 3114 III.
1175 3056 1207 3132 1,
1235 3056 1254 3115 2

146 3162 247 3247 potiri
257 3182 290 3227 se
300 3160 437 3245 oppido
447 3179 548 3244 posse,
565 3159 594 3224 ci
604 3159 822 3241 inopinatos
831 3157 928 3240 (quod
936 3162 1020 3222 recte
1028 3156 1205 3242 suppeditat
1213 3155 1255 3240 Η,

151 3268 187 3333 cf.
211 3266 299 3332 Hart
321 3266 356 3332 St
380 3265 418 3332 V.
433 3266 494 3329 vol.
515 3272 543 3329 6.
559 3285 608 3349 pg.
628 3265 700 3343 101)
722 3264 899 3331 invaderet.
945 3262 1057 3346 Neque
1084 3262 1187 3326 aliena
1209 3268 1255 3327 ast

151 3375 223 3440 talis
245 3375 432 3439 constructio
456 3371 494 3436 ab
519 3375 644 3436 auctore
665 3370 739 3434 libri
761 3369 817 3434 IV.
840 3370 876 3435 cl.
893 3376 923 3453 7,
939 3374 980 3434 28
996 3369 1144 3455 aporici
1161 3389 1255 3453 prce

151 3487 243 3566 cepit,
271 3481 519 3548 incenderent
544 3481 686 3561 pontem.
712 3513 752 3525 -
780 3474 841 3540 Sed
872 3477 907 3539 in
937 3475 995 3538 hac
1026 3476 1255 3540 constructione

151 3587 332 3673 usurpanda
358 3585 525 3650 Frontinus
556 3603 628 3648 cum
661 3581 842 3647 melioribus
869 3580 1073 3666 scriptoribus
1101 3584 1255 3647 consentit

151 3696 199 3778 (cf.
222 3692 326 3778 Draeg
356 3690 451 3777 Lpg.
477 3695 538 3756 173
563 3695 594 3754 et
618 3688 701 3770 174).

240 3799 351 3883 Neque
377 3797 638 3862 constructionem
665 3792 747 3864 κατὰ
774 3793 907 3864 σύνεσιν
930 3795 969 3858 acl
991 3813 1091 3876 genus
1113 3798 1254 3878 spectan-

151 3917 216 3975 tem
238 3905 406 3972 Frontinus
428 3903 592 3968 adamavit
636 3901 717 3967 Nam
740 3902 823 3987 apud
849 3901 1001 3986 pluralem
1022 3899 1114 3968 nulio
1139 3919 1254 3966 nomen

151 4013 396 4104 praedicativum
411 4028 534 4097 semper
547 4011 581 4074 in
599 4014 710 4076 necno
727 4025 841 4096 genera
857 4007 993 4094 positum
1011 4011 1066 4092 est,
1088 4007 1172 4091 quod
1190 4009 1253 4072 iam

1095 4129 1110 4174 a
