3046 4476
707 215 749 277 43

623 303 834 314 -ι--ι-

174 410 367 474 construitur
407 406 530 474 duobus
570 411 694 474 tantum
733 407 810 472 loeis
848 408 1000 493 exceptis,
1037 407 1075 472 ei.
1109 407 1281 492 Kuehnast,

172 514 194 578 t
217 521 241 580 a
264 535 314 599 pg.
340 519 416 592 146,
863 565 865 569 ,

262 621 402 688 insidere
424 624 509 684 strat.
532 619 556 686 I.
581 625 620 698 5,.
636 626 673 685 15
699 619 803 688 latero
822 620 995 703 omniaque
1012 618 1182 703 superiora
1200 618 1282 686 inse

174 729 282 810 derct;
311 727 351 792 II.
376 734 409 810 5,
439 731 480 791 32
510 727 578 794 loca
606 725 738 794 insesso.
784 727 815 790 Α
838 725 985 792 Cicerone
1013 729 1044 790 at
1066 724 1196 790 Caesare
1223 726 1282 789 hoo

173 833 304 897 verbum
327 834 372 897 ita
393 837 580 917 usurpatum
602 852 667 897 non
689 837 750 916 est,
772 833 909 917 primum
932 851 950 896 a
971 829 1061 896 Livio
1083 833 1280 896 accusativus

174 937 347 1004 adhibetur,
1235 944 1237 950 '

262 1043 296 1130 d)
318 1046 488 1129 composita
511 1063 583 1109 eum
606 1063 709 1130 praep.
732 1066 786 1112 ecc:

262 1153 408 1218 excedere
431 1171 503 1216 eum
526 1152 704 1217 accusativo
726 1171 790 1216 non
809 1151 892 1235 apud
910 1149 1090 1216 Ciceronem
1099 1153 1134 1233 1),
1157 1153 1280 1237 saepius

174 1256 258 1342 apud
281 1256 422 1338 Livium3
450 1257 486 1321 cf.
509 1257 548 1322 de
575 1277 645 1342 aqu.
670 1264 726 1341 43,
751 1265 790 1322 15
819 1257 905 1325 culix
931 1258 1053 1325 excedit
1078 1279 1281 1340 mensuram

262 1364 369 1450 epreda'
388 1363 426 1429 de
444 1384 514 1448 aqu.
534 1370 585 1446 39,
605 1370 625 1430 4
644 1365 776 1451 epressts
797 1365 924 1447 urbem
945 1365 980 1429 in
1004 1369 1087 1431 strat.
1110 1364 1199 1430 libris
1222 1363 1281 1428 ho‘c
1312 1391 1336 1414 ν

174 1469 305 1536 verbum
329 1473 383 1535 aut
404 1489 478 1535 oum
499 1472 727 1555 praepositione
744 1492 786 1538 ecc
805 1475 859 1535 aut
875 1459 953 1535 ¹cum
976 1469 1109 1535 ablativo
1132 1473 1279 1536 ooniune

173 1583 242 1642 tum
269 1576 422 1642 videmus.
472 1575 564 1642 Strat.
587 1576 611 1642 1.
638 1582 691 1655 12,
721 1583 736 1642 1
766 1576 918 1640 editiones
944 1575 1063 1660 priores
1090 1575 1280 1641 exhibebant
1349 1607 1351 1610 ·

174 1682 339 1768 epredc'eos
361 1703 490 1766 corea,
519 1703 614 1768 quam
641 1686 842 1766 structuram,
869 1669 1060 1768 quamquam
1086 1702 1152 1747 non
1179 1684 1280 1748 aliena

175 1793 222 1854 est
252 1811 272 1855 a
302 1789 464 1874 dbontino,
502 1790 670 1856 Gunderm.
702 1789 967 1854 consentientibus
1000 1789 1161 1854 codicibus
1197 1793 1280 1854 recte

173 1897 307 1961 mutavit
328 1899 360 1961 in
383 1898 549 1985 eprediecs
570 1917 671 1980 cove;
750 1919 751 1925 ¹

262 2005 393 2072 evadere
415 2010 468 2069 str.
489 2003 513 2070 Ι.
538 2011 567 2087 5,
593 2008 632 2068 te
656 2003 881 2072 adversarium
904 2001 1020 2086 ceasia
1043 2009 1073 2086 5,
1097 2008 1137 2068 19
1161 2004 1280 2070 solium

174 2110 289 2193 evastt;
320 2110 360 2176 ΙΙ.
395 2116 449 2193 13,
486 2116 505 2174 4
538 2110 645 2194 copiae
679 2115 809 2177 costros
839 2109 1042 2192 taetraque
1073 2108 1280 2192 iniquitatem

174 2217 284 2283 evasit.
330 2215 503 2302 Nunquam
526 2217 713 2301 praepositio
736 2213 874 2279 adhibita
896 2219 950 2279 est
995 2214 1108 2280 Poetae
1135 2216 1180 2279 ita
1206 2235 1279 2281 oon-

173 2327 311 2403 struunt3
344 2323 426 2407 apud
456 2342 566 2408 prosae
594 2323 741 2387 orationis
768 2322 931 2406 scriptores
957 2321 1032 2385 inde
1059 2341 1077 2385 a
1104 2320 1193 2386 Livio
1220 2322 1280 2386 hoc
1348 2385 1350 2388 .

173 2427 305 2495 verbum
329 2449 401 2493 cum
424 2433 601 2494 accusativo
624 2430 832 2512 coniungitur.
1394 2413 1395 2417 ¹

260 2535 312 2600 Ex
342 2538 394 2618 iis,
426 2553 506 2618 quae
533 2535 636 2616 attuli,
664 2533 810 2616 efficitur,
837 2533 1038 2598 construendi
1065 2534 1218 2598 rationem
1245 2536 1279 2598 in

174 2641 278 2708 verbis
300 2643 506 2706 intransitiris
529 2660 601 2705 eum
623 2659 725 2725 praep.
749 2628 965 2704 coniunctis-a
987 2639 1135 2705 Frontino
1159 2640 1277 2705 adhibi·

173 2753 236 2812 tam
251 2749 344 2814 talem
359 2747 466 2831 fuisse,
488 2752 525 2812 ut
538 2748 724 2832 praepositio
744 2765 868 2832 perraro
884 2746 1058 2831 adderetur,
1081 2747 1136 2812 sed
1158 2767 1279 2832 semper

172 2855 236 2920 fere
258 2856 454 2920 accusativus
476 2861 650 2938 poneretur.
804 2940 806 2946 Ι

261 2959 289 3029 7.
335 2961 407 3025 darn
429 2978 503 3025 vero
526 2960 693 3027 dicendum
716 2965 764 3026 est
786 2959 824 3025 de
845 2961 885 3024 iis
907 2957 1027 3041 verbis,
1051 2978 1132 3044 quae
1154 2978 1280 3024 accuss-

173 3071 275 3134 tirum
298 3074 329 3135 et
350 3088 498 3154 personae
517 3069 611 3134 atrei
634 3068 821 3150 adsciscunt
843 3065 938 3130 rerba
956 3066 1112 3150 poscendi,
1136 3066 1279 3150 docendi,

173 3175 312 3260 rogandi,
343 3175 463 3240 celandi
495 3175 562 3240 sim.
595 3175 672 3239 dieo.
724 3173 950 3237 Adnotandum
983 3176 1042 3256 est,
1074 3172 1157 3256 apud
1186 3171 1280 3236 Fron·

173 3285 274 3347 tinum
311 3301 475 3365 nunquam
507 3301 527 3345 a
557 3280 662 3346 uerbis
693 3279 842 3365 poscendi
874 3278 1031 3363 duplicem
1064 3279 1280 3343 accusativum

173 3389 317 3474 pendere,
335 3388 389 3452 sed
412 3406 534 3472 semper
549 3389 761 3453 accusativum
777 3391 897 3450 tantum
914 3387 960 3449 rei
975 3386 1118 3451 inveniri.
1158 3383 1279 3450 Deinde

173 3495 465 3561 commemoratione
492 3494 623 3578 dignum
651 3499 709 3577 est,
735 3495 770 3557 in
796 3492 865 3557 libr.
894 3491 933 3557 de
963 3513 1034 3576 aqu.
1061 3509 1184 3576 semper
1213 3503 1279 3556 uno

173 3603 241 3666 loco
264 3605 392 3685 excepto
411 3601 470 3685 (pg.
486 3607 537 3684 46,
557 3605 598 3666 28
619 3622 699 3686 opas
711 3600 814 3686 poscit
832 3597 957 3684 curum)
977 3598 1109 3664 verbum
1131 3598 1280 3684 carpendi
1323 3609 1344 3644 f

172 3713 359 3794 usurpatum
381 3725 458 3789 esse,
481 3707 517 3774 ct
539 3727 588 3792 pg.
615 3713 695 3790 1,1;
721 3714 749 3790 ὅ,
773 3712 877 3786 s.15;
900 3712 949 3788 11,
973 3713 1001 3771 4.
1022 3712 1049 3772 8.
1071 3710 1126 3785 263
1152 3710 1202 3786 29,
1223 3710 1277 3784 143

173 3821 225 3899 35,
250 3821 283 3895 2;
309 3819 359 3896 44,
384 3818 439 3892 27;
465 3818 515 3896 47,
540 3818 566 3877 2.
612 3813 682 3878 Hoc
704 3813 836 3878 verbum
858 3813 940 3897 apud
970 3813 1147 3896 posterioris
1171 3812 1279 3875 aetatis

175 3969 384 3978 ————---

263 4045 283 4115 ¹)
302 4043 343 4100 Of.
363 4041 461 4112 Krebs,
480 4041 682 4100 Antibarbarus
700 4059 721 4101 s.
740 4059 766 4099 v.
784 4047 813 4098 et
831 4007 928 4114 Draeg.
948 4039 971 4098 1.
990 4057 1035 4114 pg.
1055 4039 1115 4097 381.
