3046 4476
774 152 817 215 88

237 351 283 417 ire
303 350 442 416 5555155
468 350 610 415 modom.
663 347 790 414 Poetioe
818 348 937 414 dietum
965 351 1012 413 est
1038 352 1090 413 str.
1118 346 1160 414 ri
1183 354 1217 430 5,
1246 353 1284 412 31
1315 345 1354 414 ia

238 478 358 524 morem
389 455 628 524 1155155555.
685 453 724 520 In
755 453 844 520 libris
874 454 933 519 ΠΙ.
965 458 997 526 51
1027 451 1083 520 IV.
1116 453 1261 538 exempla
1290 473 1355 518 non

238 564 454 630 animadverti
478 599 521 612 —
543 562 625 628 Tum
646 561 751 626 finatis
774 581 851 627 usus
873 561 1114 647 praepositionis
1131 561 1179 644 ia,
1205 560 1258 646 qui
1283 565 1356 624 ante

238 671 364 736 Livium
393 671 496 734 rarius
522 666 686 735 invenitur
712 669 759 752 (51
782 667 894 755 Draeg.
917 669 942 734 Ι.
969 689 1019 754 pg.
1044 671 1136 752 658),
1163 687 1221 753 per
1247 686 1357 732 omnes

238 781 480 862 stratagematon
502 774 600 841 libros
622 781 654 840 et
680 775 751 842 libr.
774 776 813 843 de
841 777 933 862 aquis
960 776 1101 860 aequalis
1128 780 1183 842 eet
1228 775 1359 840 Praeter

239 883 393 968 exempla,
417 901 498 967 quae
521 883 664 967 congessi
685 904 736 969 pg.
761 891 801 949 55
826 888 858 949 et
881 891 938 967 56,
961 883 1069 948 affero:
1099 883 1139 948 de
1161 903 1232 968 aqu.
1253 889 1290 966 8,
1315 887 1356 948 23

239 993 279 1060 tn
300 1011 384 1058 5555
400 989 516 1075 populi
530 987 709 1074 11555155,
734 995 784 1074 12,
806 996 842 1057 17
863 991 903 1059 in
925 1012 1023 1058 55555
1045 989 1135 1057 artis
1152 991 1360 1058 diducuntur

239 1099 414 1182 multisque
441 1097 511 1162 aliis
537 1096 629 1178 locis3
663 1097 789 1163 dativus
816 1117 944 1183 quoque
969 1098 1029 1162 hoe
1056 1117 1152 1163 sensu
1179 1101 1360 1183 usurpatur,

240 1206 278 1273 cf.
301 1226 350 1291 pg.
376 1211 432 1285 553
457 1204 548 1268 stat
573 1213 603 1288 5,
626 1211 645 1270 3
670 1205 710 1272 in
732 1205 945 1292 la'paeatienem
967 1205 1071 1288 emire5
1094 1212 1124 1289 7,
1148 1210 1166 1270 2
1190 1204 1230 1272 in
1243 1203 1361 1288 fleant-

240 1311 716 1396 51555551155555551155,
742 1319 772 1396 9,
796 1319 816 1376 4
842 1313 881 1379 in
902 1309 1202 1397 perniciemdaois
1228 1332 1361 1379 555555-

241 1424 405 1501 55515555,
431 1419 471 1485 ΙΙ.
497 1426 531 1502 5,
562 1425 600 1483 11
625 1419 666 1485 in
688 1418 891 1486 adiutorium
913 1420 1080 1503 55155551,
1108 1423 1149 1503 5,
1173 1424 1213 1484 23
1237 1418 1277 1486 in
1303 1417 1362 1484 hoc

243 1526 434 1609 ordinataa;
461 1531 491 1609 7,
515 1532 532 1592 7
558 1528 595 1593 ic
617 1525 716 1608 fidem
737 1525 810 1593 5155
825 1526 897 1609 551,
923 1535 957 1610 9,
981 1534 1000 1591 6
1022 1528 1068 1606 jin
1090 1526 1203 1612 555155
1224 1531 1254 1592 et
1276 1546 1363 1594 5555-

242 1634 372 1702 ritatem
394 1632 592 1718 5555551155,Ι
619 1633 677 1697 ΙΙΙ.
702 1639 732 1716 7,
755 1639 774 1698 3
803 1633 973 1718 dispositos
994 1633 1034 1701 15
1056 1635 1114 1702 hoc
1136 1635 1260 1719 155555,
1287 1638 1317 1716 7,
1340 1637 1362 1696 4

241 1742 282 1809 ia
304 1741 487 1808 55555155.
793 1758 795 1762 ·
886 1774 895 1792 e

332 1846 424 1926 Quod
445 1849 580 1932 pertinet
603 1846 643 1912 ad
662 1848 824 1914 notionem
843 1849 1046 1933 temporalem
1065 1867 1118 1914 eos
1137 1852 1259 1913 tantum
1278 1847 1364 1914 locos

244 1956 352 2039 affero,
376 1954 494 2040 quibus
516 1954 556 2022 15
577 1974 634 2039 pro
657 1976 761 2039 usqae
784 1955 828 2024 cd
851 1955 991 2021 adhibita
1013 1961 1075 2040 est,
1097 1957 1153 2040 qui
1175 1975 1253 2021 usus
1279 1955 1365 2039 apud

243 2062 424 2149 posterioris
461 2061 592 2127 demum
630 2064 741 2128 aetatis
779 2064 945 2148 scriptores
982 2067 1088 2128 exstat
1118 2062 1169 2148 (cf.
1198 2061 1311 2147 Draeg.
1337 2061 1364 2128 Ι.

244 2191 293 2256 pg.
317 2167 410 2255 655):
440 2168 477 2234 cf.
501 2168 540 2234 de
563 2188 635 2254 aqu.
661 2175 717 2252 35,
738 2177 759 2235 9
783 2171 821 2238 tn
845 2169 904 2237 555
927 2174 1065 2256 ternpus·
1092 2175 1145 2234 515.
1168 2169 1192 2234 Ι.
1217 2175 1252 2252 8,
1280 2176 1299 2234 5
1324 2167 1364 2235 in

245 2277 420 2344 5515551555
443 2275 608 2363 15915555
631 2275 773 2345 traheret
795 2277 925 2360 5511555
946 2277 987 2342 Π.
1011 2284 1038 2361 1,
1059 2282 1077 2342 2
1100 2277 1139 2344 tn
1162 2275 1277 2344 55555
1299 2275 1365 2343 diei

110 2461 112 2465 v
245 2388 383 2466 5551555,
413 2382 790 2467 2,115”55’1155155’555
818 2383 981 2466 51515555,
1010 2391 1039 2467 5,
1064 2389 1103 2450 31
1135 2384 1296 2468 quiescere
1323 2382 1363 2450 in

246 2489 529 2574 5555515555,
553 2495 603 2574 13,
627 2497 644 2557 7
670 2491 709 2559 ic
733 2491 1022 2574 5515555555
1044 2491 1194 2558 detinuit.

334 2598 382 2663 De
404 2617 508 2683 praep.
533 2597 590 2665 sab
614 2617 703 2682 sequ.
726 2596 863 2663 ablativo
886 2599 964 2664 haec
986 2597 1094 2663 affero:
1124 2598 1163 2663 de
1190 2619 1261 2682 aqu.
1286 2603 1361 2680 6,·7

246 2706 305 2774 sat
327 2705 461 2773 Nerone
479 2705 646 2790 55555155,
677 2709 730 2770 str.
753 2705 778 2771 I.
803 2712 837 2789 5,
867 2711 906 2771 15
935 2705 995 2773 556
1016 2705 1120 2773 Atilio
1147 2705 1292 2788 conenle;
1322 2704 1365 2769 11.

247 2819 286 2898 7,ι
311 2818 350 2877 15
390 2810 448 2879 aab
480 2815 638 2896 potestate
676 2811 905 2897 5551555555,
941 2812 997 2880 IV.
1031 2819 1060 2896 2,
1093 2818 1112 2878 2
1147 2812 1206 2880 555
1237 2811 1366 2880 Metello

245 2924 450 3002 55555551·
480 2917 522 2984 11.
551 2926 585 3003 5,
617 2925 656 2985 18
690 2919 748 2986 aab
780 2920 880 3004 specie
906 2919 1143 3006 5555555555,
1174 2927 1208 3003 5,
1237 2925 1277 2985 28
1306 2917 1366 2986 aab
1457 2919 1461 2926 '

246 3027 347 3114 specie
369 3026 553 3095 deditionis.
579 3061 619 3074 —-
641 3024 707 3093 Sao
730 3027 840 3091 eadem
863 3026 1090 3112 significatione
1112 3028 1214 3113 posita
1236 3032 1284 3092 est
1302 3047 1367 3112 qua

246 3137 404 3201 sententia
426 3134 606 3220 temporalis
629 3135 708 3201 51551
732 3186 739 3201 .
760 3185 766 3199 .
789 3184 796 3201 .
817 3134 886 3222 opit
907 3134 958 3198 vel
986 3133 1133 3202 simulat:
1161 3139 1214 3200 str.
1237 3133 1262 3199 1.
1289 3140 1320 3217 1,
1345 3141 1364 3199 8

247 3263 372 3326 cenans,
397 3241 455 3310 aab
479 3241 596 3326 555155
617 3241 667 3327 (cf.
685 3240 806 3324 Hartel,
827 3239 981 3307 815155.
1000 3239 1061 3306 vol.
1079 3247 1172 3326 apg.
1192 3242 1261 3322 99);
1288 3248 1318 3324 8,
1343 3247 1361 3306 5

248 3351 306 3418 aab
329 3349 560 3434 exspectatione
585 3347 714 3434 proelii.
739 3383 781 3394 —
810 3346 878 3415 Sao
905 3367 992 3433 sequ.
1016 3349 1193 3414 accusativo
1215 3348 1295 3412 nihii
1317 3349 1366 3412 in-

248 3458 332 3523 soliti
353 3455 488 3542 praebet

338 3562 445 3649 Super
463 3568 633 3650 usurpatur
647 3583 711 3630 uno
729 3563 798 3629 loco
814 3566 897 3629 siout
911 3563 995 3648 apud
1010 3561 1136 3627 Livium
1155 3561 1203 3644 (ci.
1214 3560 1326 3647 Draeg.
1337 3561 1361 3626 I.

248 3693 297 3758 pg.
328 3674 403 3753 663)
426 3673 504 3758 Ι1555
531 3672 772 3757 praepositionis
795 3675 941 3756 praeter:
970 3675 1022 3736 str.
1050 3669 1107 3734 III.
1139 3675 1193 3752 16,
1224 3675 1239 3734 1
1269 3691 1368 3754 saper

251 3779 421 3847 55555555
444 3779 598 3858 honorem
619 3800 701 3863 equo
723 3779 869 3847 donavit.

338 3885 411 3950 Uno
439 3886 509 3950 loco
537 3907 636 3970 super
662 3885 883 3950 adverbialiter
909 3904 965 3970 pro
991 3885 1128 3970 5555555
1154 3883 1283 3970 legitur:
1313 3887 1366 3948 atr.

251 3992 308 4060 ΠΙ,
334 3997 362 4078 2,
388 3998 427 4057 10
451 3992 595 4077 exposita
617 4014 714 4076 saper
736 4014 845 4060 555555.
