3046 4476
826 169 966 278 ⁷4¹

291 411 348 478 111.
366 417 415 494 10,
431 418 449 476 5
474 432 546 479 cum
560 412 688 496 reliquo
697 416 793 495 purte
811 410 985 495 exercitum
1003 410 1058 476 IV.
1076 418 1105 494 5,
1122 418 1140 476 9
1158 433 1231 480 cum
1246 411 1399 480 militibus

291 517 421 586 messuit
455 522 525 596 ete.;
557 518 612 583 sed
642 518 772 602 longum
808 523 869 600 est,
905 520 1011 584 omnia
1046 519 1229 586 huiusmodi
1258 521 1399 603 exempla

282 624 406 690 venene.
461 623 616 709 Perpauei
647 629 769 691 tantum
806 625 867 690 loci
897 625 1026 690 notandi
1058 630 1146 707 suut,
1182 624 1299 709 quibus
1329 647 1400 694 cum

291 731 443 796 omissum
466 737 525 797 est:
553 735 606 796 str.
633 729 657 796 1.
688 737 715 812 1,
744 733 763 795 9
786 731 959 816 duplicatis
986 733 1156 818 obpressus
1182 731 1296 816 cupita·
1324 737 1353 812 6,
1380 738 1398 796 3

290 836 443 921 requietis
473 836 544 904 suis
574 837 761 924 adpressum
798 835 838 904 11.
872 843 905 920 3,
937 844 957 903 3
997 838 1115 922 optimc
1147 843 1243 923 porte
1279 838 1400 904 uirium

291 964 428 1010 arturum
451 942 620 1010 circumiit.
718 1003 719 1008 ,
1035 975 1037 980 ·

378 1046 409 1116 b.
423 1049 565 1114 Ablativi
575 1069 688 1116 cumae
697 1069 791 1116 usum
801 1050 1041 1116 Frontinianum
1056 1053 1232 1118 accuratius
1246 1053 1400 1136 exemplis

289 1155 445 1221 illustrare
467 1157 545 1220 mihi
568 1175 647 1241 opus
669 1175 738 1222 essa
761 1177 825 1222 uon
847 1158 985 1242 videtur,
1012 1179 1085 1224 cum
1112 1159 1189 1224 haec
1209 1161 1400 1224 constructio

290 1267 322 1327 et
342 1281 413 1327 raro
431 1283 450 1326 a
467 1261 618 1345 Frontino
640 1251 799 1348 usurpata.
809 1265 850 1329 sit
872 1268 903 1329 et
926 1263 1071 1329 omnibus
1090 1264 1154 1330 iere
1176 1265 1261 1347 loeis,
1284 1264 1400 1349 quibus

288 1371 457 1451 invenitur,
479 1371 558 1434 nihil
580 1370 697 1434 insoliti
726 1368 880 1434 exhibeat
926 1371 1097 1455 Coniungit
1123 1373 1208 1436 enim
1230 1371 1399 1436 Frontinus

289 1476 377 1540 hune
391 1495 498 1541 casum
521 1496 594 1540 cum
617 1475 722 1541 verbis
744 1477 952 1542 intransitiris
967 1477 1050 1562 (raro
1066 1497 1140 1542 cum
1155 1479 1400 1558 transierimus

290 1583 527 1666 exprimendam
549 1602 676 1649 causam
703 1585 830 1668 inipso
857 1583 997 1650 subiecto
1024 1587 1173 1668 positam,
1201 1586 1399 1670 participium

289 1707 359 1762 uon·
384 1691 428 1753 ita
459 1708 550 1774 saepe
581 1691 630 1754 his
666 1689 810 1754 ablativis
842 1689 1032 1774 adiungitur.
1085 1692 1181 1776 Apud
1212 1691 1400 1756 Frontinum

289 1795 371 1860 sicut
402 1795 485 1880 apud
516 1798 681 1882 scriptores
712 1798 858 1860 classicos
893 1799 1099 1863 inveniuntur
1127 1798 1269 1881 fiducie,
1302 1802 1398 1880 metu,

289 1901 475 1986 crepititcte,
501 1925 616 1985 umore,
640 1904 775 1987 prestere,
802 1907 992 1988 comtemptu,
1021 1905 1145 1988 iuopia,
1168 1903 1398 1988 desperatione,

290 2027 343 2092 spe
369 2012 426 2073 eto.
476 2008 608 2073 Causam
640 2015 730 2073 extra
761 2009 937 2074 subiectum
968 2013 1101 2094 positam
1128 2010 1298 2076 Frontims
1328 2031 1399 2075 raro

289 2115 348 2180 hoc
371 2113 506 2179 ablativo
529 2117 686 2200 exprimit
709 2116 745 2179 cf.
769 2115 807 2180 be
831 2135 901 2200 aqu.
926 2121 977 2198 24,
1003 2123 1042 2180 16
1066 2137 1175 2184 errore
1188 2117 1285 2200 fieri·
1308 2123 1359 2199 35,
1379 2124 1397 2181 5

289 2220 451 2305 imperitia
469 2243 646 2306 aquarum,
671 2222 757 2304 aliis;
779 2222 875 2287 stul.
895 2231 924 2305 5,
950 2230 987 2287 11
1012 2224 1233 2308 impmutemtio
1250 2244 1400 2306 suerrum

288 2327 330 2392 Π.
353 2333 383 2410 3,
409 2333 449 2392 14
472 2329 584 2415 riptliu
605 2327 838 2411 marceutibus;
859 2328 916 2395 111.
941 2334 969 2411 2,
994 2336 1012 2394 9
1037 2351 1100 2412 quo
1122 2351 1229 2396 errore
1249 2329 1401 2413 deceptis,

288 2432 345 2498 IV.
373 2440 408 2515 5,
436 2439 476 2499 20
509 2433 596 2517 sume
622 2436 759 2519 perisse,
792 2435 874 2514 aliis;
907 2437 1031 2520 saepius
1057 2437 1217 2502 invenitur
1243 2435 1399 2500 ablativus

290 2539 423 2606 nomime
453 2539 503 2624 (ut
528 2542 660 2608 momine
690 2541 837 2610 Caesaris
863 2543 976 2625 datur,
1009 2545 1171 2628 eroputur)
1203 2544 1238 2606 in
1263 2542 1333 2606 libr.
1360 2542 1399 2606 de

289 2647 393 2730 aquis3
420 2647 564 2711 similiter
590 2653 643 2712 str.
666 2647 706 2711 ΙΙ.
732 2653 761 2729 7,
789 2647 1078 2736 respiramine.
1125 2647 1186 2713 Sed
1213 2665 1305 2732 saepe
1330 2647 1398 2714 fieri

289 2772 353 2817 non
370 2757 485 2836 potest,
509 2759 546 2818 ut
566 2773 623 2838 pro
643 2759 725 2819 certo
745 2754 875 2838 dicatur,
897 2759 1006 2820 utrum
1024 2753 1179 2820 ablativus
1197 2756 1398 2820 instrumenti

290 2878 330 2922 an
353 2877 465 2924 causae
488 2859 674 2925 statuendus
696 2863 745 2926 sit
790 2861 878 2926 Idem
906 2860 1072 2927 dicendum
1099 2867 1146 2927 est
1172 2860 1211 2926 de
1238 2861 1398 2926 nonnullis

290 2965 462 3048 adiectivis,
478 2985 559 3051 quae
568 2965 738 3032 Frontinus
752 2968 924 3032 secuudum
935 2986 1133 3032 communem
1148 2968 1236 3032 latini
1246 2970 1398 3033 sermonis

290 3089 384 3136 usum
411 3092 484 3136 cum
511 3072 648 3138 ablativo
675 3075 851 3158 coniungit,
879 3075 916 3138 cf.
944 3077 1124 3141 comteutus:
1154 3073 1192 3138 de
1219 3094 1290 3157 aqu.
1320 3081 1354 3156 3,
1378 3079 1397 3138 2

289 3179 430 3246 couteuti
452 3200 517 3246 usu
539 3200 719 3264 uquarum·
740 3185 792 3244 str.
810 3179 864 3244 Ν.
886 3185 914 3262 3,
940 3188 955 3244 1
981 3180 1057 3246 uiuo
1080 3185 1280 3262 contemtum·
1303 3186 1333 3262 3,
1359 3185 1396 3244 12

286 3285 467 3370 preputium
478 3286 630 3370 portione
645 3290 830 3369 ccutcutus,
844 3287 979 3372 stiparis:
995 3285 1034 3350 de
1049 3305 1120 3370 equ.
1136 3292 1188 3368 41,
1206 3291 1245 3350 26
1262 3286 1398 3372 rlipmum

289 3391 515 3476 adnotatione·
546 3393 703 3473 tusciarum
736 3398 788 3456 str.
815 3392 839 3456 Ι.
868 3399 900 3475 3,
934 3398 952 3457 3
981 3391 1174 3459 successibus
1199 3393 1397 3476 proeliorum

288 3498 494 3581 insolentem
521 3500 679 3566 tumidus:
707 3505 791 3565 strat.
819 3498 844 3565 Ι.
870 3505 924 3579 11,
953 3505 971 3563 2
999 3498 1193 3566 successibus
1223 3500 1397 3580 tumidum

288 3605 408 3675 alacer:
432 3611 484 3672 str.
507 3605 531 3670 I.
557 3614 586 3687 5,
610 3612 650 3671 36
675 3607 781 3674 ulcere
803 3605 1011 3689 successibus;

376 3709 495 3795 Verba,
536 3731 618 3797 quae
654 3714 752 3777 animi
794 3714 939 3778 affectum
971 3713 1161 3798 significant,
1202 3733 1276 3777 cum
1312 3713 1395 3778 nudo

289 3818 425 3883 ablativo
447 3818 616 3882 Frontinus
638 3821 802 3900 construit,
826 3820 862 3884 cf.
885 3826 936 3883 str.
955 3818 980 3883 Ι.
1002 3825 1052 3902 11,
1078 3826 1116 3884 19
1141 3825 1216 3886 utro
1235 3821 1394 3907 puudcret.

377 3921 407 3988 b.
434 3925 501 3989 Iam
529 3926 704 4008 videamus,
736 3926 814 4010 quid
841 3925 880 3990 de
907 3923 1036 3990 ablativi
1063 3928 1311 3992 instrumentalis
1337 3946 1396 3991 usu

289 4031 490 4097 &aufiniano
509 4035 550 4096 sit
568 4033 742 4097 dicendum.
784 4031 890 4096 Liceat
907 4037 1012 4097 eutem
1035 4034 1113 4097 mihi
1131 4035 1222 4099 iniis
1244 4034 1396 4118 exemplis
