3046 4476
691 185 729 250 tl

246 403 387 470 marytre
408 402 480 448 oum
502 401 605 467 praep.
629 380 726 468 iufra
749 387 851 448 exstat
874 383 912 448 de
935 403 1004 468 aqu.
1032 390 1081 467 11,
1106 390 1146 452 20
1170 385 1264 466 iufra
1324 415 1351 436 ··

159 493 279 558 arram
301 511 406 573 oquae
426 488 624 576 carpetana

159 621 162 626 ¹
245 592 275 661 3.
298 593 346 660 De
368 596 503 661 ablativo
526 597 675 680 temporis
697 615 761 660 nou
788 596 924 662 multum
953 597 1155 682 deprehendi,
1184 621 1264 686 quae

158 707 193 766 ut
214 701 420 786 discrepantia
441 723 462 766 a
482 703 650 768 meliorum
672 704 858 787 scriptorum
886 722 946 768 usu
969 709 1264 775 commemoratione

157 809 251 894 digna
271 809 350 874 mihi
372 808 560 874 viderentur.
604 808 643 873 Id
665 813 769 873 tamon
791 810 992 875 statuendum
1016 817 1075 893 est,
1103 814 1264 880 rarissime

155 935 175 979 a
196 914 345 980 Frontino
362 934 419 1000 pro
442 914 578 979 ablativo
598 917 744 1000 temporis
757 917 1015 1000 praepositionem
1034 923 1186 1003 usurpari.
1225 920 1263 986 Id

155 1023 248 1103 enim,
271 1020 356 1106 quod
378 1040 435 1085 nos
458 1021 591 1086 dicimus
617 1041 694 1086 azur
719 1021 846 1086 rechten
856 1021 953 1087 -zeitr
979 1022 1150 1091 Frontinus
1175 1047 1263 1112 prae·

154 1129 306 1212 positione
327 1127 368 1194 iu
390 1129 551 1211 exprimit:
579 1133 632 1192 str.
655 1126 679 1192 1.
706 1134 738 1209 1,
767 1134 782 1191 l
813 1128 852 1204 ira
874 1133 1026 1213 tempora·
1052 1130 1092 1195 Π.
1119 1138 1152 1214 1,
1181 1140 1200 1199 3
1224 1135 1264 1200 ia

155 1239 304 1319 tempore,
334 1236 456 1319 quain
481 1251 516 1298 re
543 1253 616 1298 cum
644 1235 768 1318 optimis
800 1235 1001 1319 scriptoribus
1033 1241 1186 1303 consentit
1212 1240 1262 1324 (cl.

153 1337 265 1424 Draeg.
287 1340 312 1405 1.
335 1361 384 1425 pg.
409 1340 500 1424 530);
524 1341 669 1404 usitatius
697 1347 744 1404 est
765 1341 824 1404 hoc
846 1359 941 1406 seusu
963 1342 1034 1409 sais
1061 1346 1261 1428 temporibus,

154 1447 240 1532 quod
263 1450 364 1511 exstat
387 1445 426 1510 de
448 1465 519 1530 aqu.
543 1452 594 1524 46,
618 1451 669 1512 21.
697 1483 739 1495 -
767 1445 1006 1512 Substantivum
1030 1447 1145 1516 bellum
1167 1452 1262 1536 idque

152 1573 229 1618 oum
251 1552 399 1618 attributo
422 1554 623 1618 coniunctum
646 1551 814 1617 Frontinus
844 1572 965 1638 semper
992 1557 1107 1619 omissa
1133 1576 1262 1642 praepo·

152 1661 267 1726 sitione
288 1661 321 1722 in
344 1660 410 1724 solo
433 1656 568 1722 ablativo
591 1660 687 1742 ponit
733 1657 777 1724 Of.
794 1677 818 1723 e.
834 1679 863 1742 g.
886 1665 939 1724 str.
962 1659 986 1726 1.
1013 1666 1040 1741 1,
1064 1667 1082 1724 6
1107 1660 1262 1730 Parthico

152 1765 247 1847 belim
269 1765 309 1829 II.
334 1771 363 1847 4,
386 1770 403 1829 7
420 1763 640 1850 supitivorcm
663 1762 756 1847 bellu·
777 1762 834 1829 IH.
861 1767 911 1846 14,
936 1771 951 1828 1
978 1765 1055 1832 bello
1077 1766 1179 1850 ritui&
1205 1769 1260 1834 IV.

155 1879 190 1954 1,
221 1877 262 1936 43
295 1870 371 1937 dello
393 1869 600 1952 Dardanico,
633 1871 777 1954 plurimis
809 1871 878 1935 aliis
909 1871 993 1937 locis.
1023 1908 1064 1920 -
1091 1859 1163 1938 Hoc
1193 1875 1261 1940 loco

152 1996 375 2058 commemoro,
398 1981 450 2042 str.
473 1975 527 2043 IV.
552 1982 586 2059 3,
617 1983 671 2059 14,
697 1976 756 2040 nbi
778 1976 1043 2042 Gundermannus
1070 1977 1262 2050 Gemanica

152 2085 232 2151 bello
253 2086 390 2168 scripsit,
420 2089 528 2147 contra
557 2085 772 2148 auctoritatem
799 2085 988 2168 optimorum
1017 2084 1161 2150 codicum
1189 2107 1259 2153 cum

151 2189 395 2273 Hirschfeldi01)
423 2190 608 2274 scripturam
636 2190 824 2254 deteriorum
847 2189 989 2254 codicum
1018 2189 1205 2260 Germanici
1227 2215 1261 2261 eo

152 2297 232 2364 bello
253 2295 439 2362 servandam
463 2314 544 2376 esse3
567 2315 642 2360 nam
663 2301 699 2360 ut
727 2295 883 2360 tumultus
904 2295 983 2360 Julii
1008 2295 1114 2363 Civilis
1142 2298 1260 2365 bellum

152 2402 374 2496 Germanicum
404 2403 611 2486 appellaretur
637 2402 696 2465 hoo
724 2402 851 2486 quidem
879 2402 947 2466 loco
974 2401 1042 2466 fieri
1064 2422 1127 2467 non
1151 2408 1261 2489 potuit,

152 2529 227 2574 cum
254 2509 410 2593 expressis
437 2491 543 2572 rerbis
575 2507 716 2572 additum
744 2509 798 2571 sit:
832 2507 918 2590 quod
939 2507 1056 2574 Julius
1081 2508 1192 2578 duis
1222 2512 1262 2579 iu

156 2615 267 2685 Gallia
296 2617 448 2682 mouerat.
503 2613 546 2678 Gi.
573 2614 668 2678 etiam
699 2617 752 2680 str.
779 2613 819 2678 il.
850 2619 904 2695 11,
936 2621 953 2678 7
983 2612 1197 2683 Germanicus
1226 2637 1261 2684 eo

153 2721 245 2803 dello,
279 2741 342 2804 pao
367 2769 491 2787 .....
515 2720 643 2787 morata.
698 2716 746 2783 De
773 2724 824 2785 str.
852 2718 908 2783 IV.
938 2725 971 2798 3,
1002 2726 1041 2784 14
1074 2723 1137 2806 egit
1168 2725 1259 2788 etiam

152 2827 319 2908 Wolfius²l
342 2829 474 2893 lectione
502 2825 687 2894 &manici
709 2847 744 2892 eo
766 2824 843 2892 bello
864 2826 1004 2890 innixus.

242 2932 386 3000 Ceterum
410 2952 521 3018 operae
543 2937 678 3018 pretium
701 2931 779 2997 mihi
801 2949 864 2996 non
883 2931 1017 3014 videtur,
1039 2934 1145 2996 omnia
1167 2934 1261 3000 huius

153 3040 392 3106 constructionis
414 3039 559 3123 exempla
580 3037 730 3123 prolerre,
757 3037 937 3123 praesertim
966 3057 1039 3102 oum
1056 3039 1140 3104 ‚nihil
1162 3041 1261 3104 inusi-

152 3149 209 3212 tati
244 3144 420 3230 praebeant.
476 3145 664 3230 Saepissime
700 3145 783 3209 enim
820 3148 1027 3228 congruentor
1062 3163 1134 3209 cum
1169 3144 1262 3212 bonis

154 3252 357 3338 scriptoribus
389 3252 429 3316 ad
460 3250 701 3341 significandum
732 3235 872 3336 tempus,
903 3270 967 3334 quo
998 3250 1116 3333 aliquid
1147 3250 1183 3315 fit
1208 3252 1260 3332 (cf.

153 3357 266 3443 Draeg.
289 3357 312 3422 Ι.
335 3377 377 3443 pg
410 3358 488 3441 528)
515 3359 549 3421 in
578 3357 714 3421 ablativo
742 3362 904 3441 ponuntur
926 3375 1018 3422 voces
1040 3357 1129 3420 velut
1156 3358 1260 3440 dies⁸),

153 3501 361 3512 .-.......-—-

242 3568 264 3638 ¹)
283 3567 325 3624 Os.
344 3566 467 3622 Hermae
484 3566 537 3622 vol.
557 3565 668 3622 XXIV.
687 3583 731 3638 pg.
752 3567 810 3622 103,

243 3657 263 3728 ¹)
283 3655 324 3712 Os.
338 3654 520 3712 ‘Jahrbricher
538 3655 586 3711 des
600 3653 715 3711 Vereins
734 3671 787 3710 von
800 3653 1089 3710 Altertumalreunden
1108 3654 1146 3710 lm
1159 3655 1260 3712 Rheln·

153 3744 241 3812 land',
258 3744 311 3800 vol.
330 3742 480 3798 LXXXV.
499 3760 543 3815 pg.
563 3743 615 3798 172
633 3760 693 3815 sqq.

243 3833 263 3903 'l
283 3832 377 3888 Huius
388 3831 464 3888 vocis
482 3848 568 3903 genus
587 3849 754 3904 quamquam
774 3829 937 3902 plerumque
954 3837 996 3886 eat
1014 3831 1196 3886 masculinum
1215 3833 1259 3901 (cl.

153 3922 189 3978 de
206 3939 269 3993 aqu.
288 3923 333 3987 45,
350 3923 380 3986 43
399 3925 475 3976 strat.
496 3919 518 3974 I.
539 3923 563 3988 1,
582 3923 612 3984 l;
631 3925 655 3989 4,
675 3923 691 3977 5
705 3924 815 3993 postero
834 3921 1046 3988 die,··11‚3.7;
1065 3920 1104 3976 ΙΙ.
1124 3924 1149 3989 1,
1167 3921 1193 3977 6.
1212 3922 1259 3987 15;

154 4011 179 4077 9,
198 4011 215 4066 9
231 4015 337 4083 poatero
355 4010 407 4074 dic,
426 4007 500 4073 aliis;
520 4008 574 4064 111.
589 4009 612 4074 2,
632 4011 661 4075 l;
681 4011 723 4076 11,
741 4007 819 4073 4al.;
839 4008 890 4063 IV.
905 4011 929 4070 1,
942 4010 990 4070 4³:
1009 4010 1033 4075 3,
1048 4011 1081 4064 13
1094 4009 1148 4076 al),
1167 4014 1258 4064 tamen
