3046 4476
708 198 756 259 23

180 387 212 450 in
245 387 310 451 cod.
342 387 367 451 0
402 390 514 455 tradita
549 391 758 478 noaapesimo
792 393 827 455 in
863 383 985 458 textum
1017 393 1132 477 reoepit
1162 393 1280 460 eade·

179 494 395 580 noaapesimo,
419 496 510 560 valde
531 497 565 561 in
583 498 792 582 suspicionem
810 499 950 562 vocanda
972 503 1026 563 est.
1064 497 1135 564 Mea
1153 499 1278 584 quidem

179 602 332 678 sententia
360 603 510 686 scriptura
541 604 654 669 tradita
684 624 775 671 anno
806 604 897 671 urbis
927 604 1073 672 conditae
1103 604 1279 692 saptinpeoe

180 707 288 774 tesimo
314 709 562 796 aonaqesimo
589 710 742 775 servande
768 715 827 792 est,
856 711 915 775 etsi
937 711 1014 776 alter
1040 729 1142 775 annus
1168 710 1218 796 (of.
1240 710 1280 774 (19

56 880 60 888 ,
178 833 250 897 aqu.
274 821 303 897 9,
329 817 380 894 11)
403 816 527 900 imperii
549 813 580 881 0.
600 815 740 882 Caesaris
763 815 935 900 Caligulae,
964 819 1019 901 qui
1041 815 1163 882 Tiberio
1186 820 1279 901 (post-

179 920 257 984 ridie
270 919 315 986 Id.
326 919 413 985 Mart.
424 941 451 985 a.
461 943 488 1005 p.
499 921 568 988 chr.
580 929 619 989 37
637 921 795 1006 defuncto)
809 924 967 1004 successit,
986 922 1024 987 ad
1039 943 1157 987 annum
1171 942 1199 1007 p.
1209 921 1278 987 Chr.

181 1033 231 1108 36,
242 1027 317 1110 {sive
330 1047 448 1092 annum
467 1024 531 1092 789
545 1049 571 1095 a.
589 1049 620 1093 u.
639 1048 664 1093 o.
683 1028 855 1094 seeundum
877 1029 1036 1094 rationem.
1069 1028 1280 1113 Catonianam,

180 1153 242 1217 qua
260 1153 337 1198 usus
361 1139 407 1199 ost
424 1134 591 1200 Frontinus
599 1134 632 1220 1),
653 1135 826 1219 respondet,
848 1138 942 1218 atque
960 1136 1054 1199 etiam
1073 1135 1114 1199 M.
1130 1136 1279 1220 Aquilam

178 1238 343 1303 lulianum
370 1245 401 1304 et
426 1239 460 1304 P.
484 1240 624 1305 Nonium
650 1242 869 1325 Asprenatem,
896 1261 975 1325 quos
1001 1243 1084 1307 viros
1113 1241 1296 1306 Frontinus

179 1365 244 1410 non
267 1347 369 1410 solum
391 1346 430 1411 (19
452 1336 522 1431 aqu.
546 1353 645 1430 9,12,
668 1348 723 1412 sed
746 1349 841 1412 etiam
863 1346 902 1410 de
924 1366 995 1431 aqu
1011 1353 1061 1429 39,
1083 1353 1123 1412 14
1146 1367 1280 1412 eommo-

179 1457 287 1535 monat,
309 1453 453 1518 eonsules
468 1454 542 1517 anni
558 1457 620 1518 769
637 1453 691 1538 (ε
710 1459 771 1519 791
788 1452 892 1537 Varr.)
909 1453 1007 1525 fuisse
1025 1455 1099 1518 satis
1121 1455 1279 1536 consae).

179 1557 390 1624 Nihilominus
411 1560 477 1624 ·hoo
506 1561 574 1625 looo
600 1560 809 1646 nonnpesimo
840 1559 1029 1624 servandum
1059 1578 1127 1624 esse
1158 1578 1279 1643 censeo,

179 1684 252 1728 oum
279 1666 592 1753 undenonapesimo
618 1665 657 1729 ab
685 1686 745 1731 usu
772 1664 895 1738 dicendi
922 1664 1125 1730 Frontiniano
1152 1685 1280 1750 prorsus
1341 1737 1349 1756 ⁸

180 1771 350 1837 abhorreat.
403 1771 473 1852 Hpe
499 1773 593 1856 igitur
618 1773 687 1836 loco
709 1771 894 1836 liontinum
915 1773 1021 1856 ipsum
1046 1773 1079 1836 in
1106 1791 1170 1836 uno
1197 1792 1280 1837 anno
1380 1760 1391 1780 ²

179 1881 331 1944 rationem
349 1878 492 1943 fefellisse
509 1877 600 1942 nobis
615 1878 816 1943 statuendum
830 1884 887 1961 est,
910 1878 995 1962 quod
1011 1879 1128 1945 factum
1143 1879 1280 1944 vidimus

180 1986 274 2050 etiam
287 1985 383 2049 altero
396 1986 477 2048 loeo:
492 1984 532 2049 de
546 1989 707 2069 aqu.4,13
722 2005 813 2052 uano
826 2006 857 2052 a.
873 2005 907 2051 a.
923 2006 948 2051 c.
965 1984 1280 2071 qnadriapealesimo

181 2091 364 2178 ootopesa‘mo
385 2111 477 2172 uno,
504 2090 559 2155 ubi
582 2095 763 2175 expectatur
788 2110 890 2156 annus
918 2096 981 2156 460
1010 2091 1063 2176 (=
1089 2091 1280 2174 46211919),

180 2217 254 2263 oum
276 2197 407 2281 Spurius
430 2195 584 2262 Carvilius
606 2202 638 2262 et
658 2195 774 2261 Lusius
796 2196 941 2281 Papirius
963 2197 1009 2277 (of.
1029 2196 1068 2261 de
1089 2216 1160 2286 aqu.
1180 2198 1279 2282 4,16)

181 2304 324 2369 eonsules
347 2305 422 2367 anni
446 2308 508 2368 480
532 2302 595 2387 Cat.
618 2329 662 2360 =
681 2308 743 2368 482
766 2303 856 2367 Varr.
879 2303 1030 2384 fuerintll.

249 2431 253 2438 ·
269 2411 299 2490 (1)
322 2408 412 2486 Quod
427 2410 562 2493 pertinet
575 2409 613 2474 ad
630 2429 721 2474 voces
734 2409 910 2474 numerales
925 2427 1005 2493 quoe
1019 2418 1194 2493 sequuntur
1208 2410 1280 2475 inde

181 2536 201 2582 a
223 2522 295 2600 100,
317 2515 401 2600 apud
423 2514 606 2580 Frontinum
628 2535 750 2600 semper
770 2517 869 2580 maior
890 2535 1040 2580 numerus
1061 2517 1174 2580 minoni
1196 2523 1281 2580 ante·

181 2623 276 2704 cedit;
308 2642 470 2709 nunquam
501 2627 606 2686 autem
632 2623 765 2706 singufis
790 2623 929 2687 numeris
956 2622 1106 2706 particule
1132 2627 1163 2689 et
1187 2623 1282 2687 inter·

180 2730 281 2814 posita
303 2733 358 2794 est.
403 2729 476 2794 Uno
498 2729 566 2792 loeo
590 2729 641 2809 (de
663 2749 733 2812 aqu.
755 2736 784 2810 6,
809 2729 860 2810 12)
880 2747 1030 2793 numerus
1054 2734 1169 2793 61710
1193 2729 1282 2794 aliter

181 2836 371 2920 compositus
392 2840 439 2901 est
460 2835 664 2922 oexupinta
682 2835 830 2902 milium
845 2839 880 2900 et
892 2833 995 2900 mille
1009 2834 1282 2921 sepliapenloram

181 2943 293 3011 decem.
1214 2968 1217 2974 ·

269 3051 296 3130 9)
319 3047 542 3114 indeclinabile
570 3049 663 3116 semis
690 3046 834 3112 omnibus
856 3047 937 3124 19919Ι
955 3047 1094 3111 numeris
1119 3048 1174 3130 qui
1197 3050 1282 3111 ante·

182 3155 298 3220 oedunt
328 3156 395 3220 sine
425 3155 577 3239 particula
609 3160 639 3222 et
669 3155 824 3220 adiectum
855 3158 916 3235 est,
947 3153 984 3220 of.
1007 3153 1046 3216 (19
1077 3173 1148 3236 aqu.
1173 3159 1281 3235 6,13;

183 3266 213 3344 1,
246 3268 300 3342 113
333 3267 384 3343 30,
418 3266 473 3341 12,
508 3267 559 3344 31,
587 3267 615 3326 7.
650 3267 698 3326 10.
733 3268 782 3343 16,
818 3279 883 3324 uno
920 3259 988 3324 loeo
1026 3266 1155 3343 excepto
1188 3279 1281 3343 quem

182 3366 327 3432 Klotzius
364 3385 489 3452 quoque
526 3366 646 3450 laudat,
683 3367 722 3432 de
758 3387 829 3451 aqu.
869 3372 903 3447 6,
942 3370 991 3430 12.
1051 3369 1156 3449 Atque
1188 3367 1282 3430 etiam

271 3579 292 3650 ι)
310 3577 352 3634 cf.
375 3577 543 3646 0999691,
569 3577 641 3634 «Die
662 3562 719 3634 Ara
744 3577 793 3633 des
819 3575 921 3644 Cato»,
942 3574 1062 3630 Hermae
1091 3572 1144 3630 vol.
1163 3572 1282 3632 XXVH

182 3667 273 3740 (1892)
290 3685 335 3738 pg.
355 3668 415 3723 344.

235 3814 236 3818 ,
271 3757 292 3828 ¹)
310 3755 352 3812 cf.
370 3755 429 3811 Jos.
449 3753 545 3824 Klein,
563 3754 641 3810 Fasti
663 3754 818 3810 consulares
839 3752 903 3810 inde
925 3769 943 3808 a
961 3751 1085 3807 Caesario
1108 3766 1173 3807 neoe
1195 3767 1282 3823 usque
1356 3772 1362 3784 ·

183 3845 220 3901 ad
237 3845 381 3916 imperinm
401 3842 575 3911 Diocletiani,
594 3843 822 3914 mps.1881,pg.
841 3843 883 3899 30.

272 3935 292 4005 ’)
311 3933 353 3990 of.
371 3931 421 3988 Th.
435 3931 598 4000 Mommsen,
616 3931 697 4002 (lorp.
709 3932 789 3987 inser.
806 3930 853 3986 lat.
867 3928 921 3989 vol.
935 3928 959 3983 I.
972 3944 1016 3999 pg.
1035 3927 1095 3983 ele.
1115 3958 1147 3969 —
1165 3927 1283 3996 l'riober,
1416 3987 1418 3992 ¹

184 4022 290 4092 Herm,
308 4019 432 4078 XXVII.
450 4037 495 4092 pg.
514 4021 575 4088 344,
592 4018 656 4074 adn.
