3046 4476
691 215 732 278 37

152 406 289 493 inflectit
309 410 443 474 mutavit
464 408 498 472 in
521 407 664 493 inflexit,
694 410 780 493 quod
802 427 875 473 eum
897 409 979 472 reeta
1002 403 1130 490 quidem
1151 396 1263 468 incuss
1394 477 1396 481 ⁴

153 521 243 601 puto,
274 516 329 580 sed
360 515 474 580 salsum
506 521 565 598 est,
597 535 670 580 oum
698 515 774 579 dicit
799 515 866 596 ille,
897 511 1083 577 Frontinum
1108 511 1264 596 praesenti

153 621 300 686 historico
326 640 502 705 numquam
528 641 624 686 usum
651 639 720 686 esse
747 615 1135 704 (ei.praef.edit.§12).
1179 615 1263 680 Nam

153 726 420 791 Gundormannus
451 729 519 810 ipss
549 731 601 791 str.
631 726 688 791 III.
715 733 744 808 9,
770 731 789 789 2
817 724 955 790 servavit
985 724 1148 789 lectionem
1171 723 1263 790 lassa

148 837 323 918 perennia,
353 851 415 917 quo
439 832 505 897 loco
528 816 689 896 Hartelius
710 831 731 896 l.
745 850 769 895 o.
784 847 931 915 praesens
953 829 1136 893 historicum
1162 849 1262 893 romo-

156 941 221 1004 veri
244 940 313 1003 vult
330 938 508 1003 scribendo:
526 937 638 1023 [inni]
653 937 809 1005 triclinii
826 935 961 1004 ..inssa
973 939 1147 1021 perannat.
1188 935 1210 999 J
1211 955 1261 999 am

152 1064 227 1110 vero
242 1046 377 1128 legimus
395 1049 479 1110 strat.
495 1043 536 1108 11.
553 1051 583 1127 5,
598 1049 638 1108 31
662 1043 771 1111 inlet.
790 1093 797 1108 .
815 1093 822 1108 .
838 1040 991 1124 fanani.
1012 1087 1021 1106 .
1039 1091 1045 1106 .
1063 1040 1263 1109 abscondant

155 1202 212 1218 ...
232 1151 345 1219 inient
363 1201 371 1217 .
389 1200 396 1217 .
415 1201 422 1216 .
441 1149 663 1235 effnnclnntnr
680 1155 711 1217 et
731 1149 969 1217 convulnerant
990 1145 1262 1232 cnpfnnrlnntqne

155 1263 432 1342 ....ernrnpnnt
448 1306 456 1323 .
474 1307 482 1322 .
498 1307 506 1322 .
524 1306 532 1322 .
549 1261 759 1324 consternant
780 1260 993 1337 avertantque
1010 1303 1017 1318 .
1036 1304 1043 1319 .
1062 1304 1069 1318 .
1087 1305 1094 1319 .
1112 1255 1259 1321 caeclnnt.

154 1364 217 1429 Sed
238 1366 272 1428 in
293 1363 352 1428 hoc
370 1365 522 1449 exemplo,
546 1363 630 1447 quod
649 1362 887 1446 amplitudinem
906 1362 1048 1424 omnium
1065 1361 1260 1444 reliquorum

153 1475 390 1554 stratagematon
414 1470 537 1534 excedit
559 1475 653 1554 atque
670 1471 704 1532 in
721 1469 894 1552 longiorem
916 1469 962 1532 rei
980 1471 1085 1552 gestae
1108 1468 1259 1531 narratio-

153 1595 228 1641 nem
264 1596 298 1642 se
334 1577 500 1660 convertit,
535 1593 681 1661 praesens
716 1575 900 1638 historicum
930 1575 1119 1638 narrationis
1157 1574 1260 1638 colore

154 1687 331 1766 excusatur,
354 1703 427 1748 cum
450 1681 617 1747 exsecato
640 1682 779 1746 oratione
801 1680 946 1745 efferatur
968 1685 1076 1745 auctor
1094 1682 1128 1744 in
1147 1681 1259 1744 oratio-

153 1808 226 1854 nem
248 1790 341 1873 paulo
363 1789 567 1854 fervidiorem.

241 1891 270 1959 2.
293 1894 404 1959 Doder.
431 1915 480 1979 pg.
505 1898 567 1959 298
596 1895 830 1975 commemorat,
855 1893 1026 1976 praesentis
1053 1892 1259 1958 indicativum

153 2001 346 2065 aFrontino
373 2001 510 2085 positum
536 2017 617 2081 esso,
634 1994 700 2063 ¹ubi
732 2001 949 2064 coniunctivae
980 2003 1189 2082 exspectetur,
1220 1999 1259 2062 de

153 2125 224 2191 aqu.
257 2112 313 2190 44,
345 2114 363 2172 5
396 2111 487 2172 aetas
523 2105 728 2188 relinqnnnt,
764 2097 830 2189 'qno
867 2105 1011 2174 venalem
1048 2104 1260 2172 extrahant
1318 2085 1327 2100 ³

153 2234 287 2296 annana·
325 2218 380 2294 48,
412 2217 432 2276 2
470 2211 598 2280 arbores
628 2212 733 2298 noyn
762 2217 891 2294 nocent,
925 2232 1066 2295 quaram
1097 2210 1260 2278 radicibus

153 2319 441 2386 concamerationes
467 2324 497 2385 et
524 2319 627 2386 latera
653 2317 869 2386 solonnt'nr.
915 2317 1040 2382 ‘Modus
1068 2317 1259 2381 indicativus

153 2429 199 2489 ast
221 2425 402 2508 simpliciter
423 2427 578 2489 narrantis
600 2430 631 2489 at
652 2423 831 2489 referentis?

240 2526 270 2597 3.
292 2531 427 2616 Tempus
453 2533 598 2596 futurum
629 2532 735 2594 omnia
761 2536 901 2615 tempora
928 2531 1019 2614 quasi
1045 2530 1260 2615 complectitur

152 2638 192 2702 do
214 2656 285 2721 aqu
309 2641 361 2718 42,
377 2642 417 2702 25
440 2637 642 2723 impetratam
660 2657 779 2719 aqnam
797 2686 804 2699 .
820 2687 827 2700 .
846 2686 853 2700 .
870 2656 908 2701 ecc
924 2636 987 2702 alio
1002 2636 1136 2718 castallo,
1161 2657 1259 2719 qaam

152 2763 191 2810 en
223 2763 285 2826 qno
316 2743 453 2826 epistula
479 2742 642 2827 principis
667 2741 891 2823 continebit,
924 2742 999 2809 cinci
1021 2743 1164 2826 palamst
1189 2762 1258 2808 non
1305 2775 1320 2785 ν

152 2854 303 2935 opertae.
337 2886 379 2896 -
411 2849 502 2935 Legis
532 2851 598 2914 ritu
627 2849 863 2932 pronuntiatum
891 2852 938 2912 est
964 2853 1089 2933 tempus
1115 2848 1258 2912 futurum

153 2962 208 3038 44,
237 2960 277 3020 28
306 2955 451 3023 tornines
476 2957 515 3022 in
546 2955 623 3022 arbe
755 2975 851 3038 opera
884 2974 1027 3037 annone
1057 2954 1255 3040 arcebant.
1303 2969 1321 2989 ·‘
1385 2983 1387 2998 =

152 3061 208 3144 (cf.
232 3060 343 3127 Deder.
366 3082 415 3146 pg.
440 3066 502 3128 220
527 3067 557 3126 et
581 3064 662 3142 216).

239 3166 269 3232 4.
307 3167 511 3252 Partieipium
551 3167 650 3231 futuri
689 3186 760 3231 oum
789 3166 903 3250 forent
934 3167 1136 3232 coniunctum
1172 3168 1257 3251 qnod

152 3274 303 3339 editiones
330 3275 446 3359 priores
474 3272 633 3356 exhibent,
659 3274 787 3338 retinuit
815 3273 1077 3359 Gundormannus
1103 3279 1188 3339 strat
1216 3273 1255 3338 11.

154 3384 205 3462 12,
229 3386 245 3443 1
271 3401 342 3446 carn
372 3379 472 3446 Volsci
494 3379 564 3446 eins
585 3384 691 3448 castra
714 3381 899 3466 adcremari
916 3379 1034 3466 forent
1055 3381 1165 3446 collato
1187 3380 1255 3446 Liv.

154 3490 183 3567 2,
206 3491 257 3568 64,
280 3505 472 3570 quamquam
494 3486 614 3552 codices
634 3485 729 3550 GHP
746 3486 896 3570 praebant
914 3487 1065 3574 adgressi.
1103 3487 1257 3572 Exempla

117 3653 122 3664 ,
143 3592 247 3656 huius
268 3611 346 3656 usus
369 3598 590 3678 congesserunt
611 3591 709 3675 Neue,
732 3592 771 3657 da
793 3593 879 3658 torm.
901 3593 974 3678 ling.
994 3594 1045 3657 lat.
1066 3592 1106 3659 11.
1125 3614 1174 3680 pg.
1191 3599 1252 3659 381

40 3724 56 3756 a
152 3704 183 3762 et
205 3695 316 3782 Draeg.
339 3697 363 3762 I.
386 3719 435 3783 pg.
460 3703 521 3763 291
547 3704 578 3763 et
601 3704 672 3764 292.

240 3799 270 3871 5.
306 3803 650 3889 Plusquamperfeotum
689 3807 826 3891 positum
862 3809 911 3870 est
947 3825 1003 3891 pro
1039 3806 1174 3891 perfecto
1208 3805 1253 3889 (ef.
1329 3770 1332 3776 Ι

152 3909 263 3994 Draeg.
300 3909 324 3975 L
357 3915 419 3976 259
458 3917 490 3976 et
528 3914 605 3993 260)
644 3912 682 3976 de
717 3933 788 3997 aqu.
823 3919 854 3995 1,
897 3919 916 3976 9
954 3913 1156 3996 potissimam
1191 3912 1255 3978 erci-

153 4017 257 4098 etimo,
296 4016 378 4083 sicat
407 4016 446 4083 in
477 4017 586 4083 ceteris
621 4019 756 4105 nepotiis
790 4019 1009 4101 instituerant,
1045 4039 1138 4085 nasse
1171 4018 1255 4100 qnocl
